2100 3409
205 43 498 110 104—107]
814 48 1225 98 ΤΕΡΨῙΧΟΡΗ.
1762 53 1820 99 51

200 127 579 204 προκειμένου
604 129 752 210 αὐτῷ
778 135 832 194 ἐς
850 130 971 206 τρὶς
990 128 1260 189 ἑκάστοτε
1281 131 1474 190 εἰπεῖν·
1500 137 1538 167 “
1553 129 1819 202 δέσποτα,

203 215 416 292 μέμνεο
454 218 570 278 τῶν
602 215 962 295 Ἀθηναίων.”
991 215 1332 292 Προστάξας
1360 218 1419 277 δὲ
1444 220 1637 288 ταῦτα,
1667 219 1785 279 εἶπε
1806 221 1922 280 106

207 305 463 367 καλέσας
519 309 576 367 ἐς
631 306 763 384 ὄψιν
800 305 1072 366 Ἱστιαῖον
1110 303 1210 365 τᾶν
1264 307 1576 381 Μιλήσιον,
1620 305 1741 387 [τὸν
1794 306 1826 367 ὅ

207 396 451 468 Δαρεῖος
489 397 713 472 κατεῖχε
737 391 946 472 χρόνον
969 390 1082 468 ἤδη
1103 391 1369 475 πολλόν]
1407 403 1442 429 “
1459 393 1826 470 πυνθάνομαι,

203 478 459 550 Ἱστιαῖε,
478 481 783 558 ἐπίτροπον
800 480 900 541 τὸν
919 478 1030 539 σόν
1048 482 1130 559 τῷ
1144 479 1221 540 σύ
1241 481 1506 557 Μίλητον
1521 482 1827 559 ἐπέτρεψας

205 567 451 645 νεώτερα
485 572 544 632 ἐς
575 572 674 646 ἐμὲ
703 568 1066 644 πεποιηκέναι
1104 567 1431 650 πρήγματα·
1480 567 1681 647 ἄνδρας
1716 569 1826 650 γάρ

204 680 305 731 μοι
333 660 397 714 ἐκ
423 659 528 731 τῆς
555 656 744 734 ἐτέρης
774 656 1009 733 ἠπείρου
1038 655 1352 737 ἐπαγαγῶν,
1384 658 1476 716 καὶ
1489 655 1688 721 Ἴωνας
1720 656 1827 717 σῦν

207 741 667 814 αὖτοῖσι,-τοῦς
688 744 970 808 δώσοντας
996 744 1123 820 ἐμοὶ
1149 743 1307 819 δίκην
1323 747 1434 804 τῶν
1448 745 1825 820 ἐποίησαν,-

204 829 441 894 τούτους
456 830 784 913 ἀναγνώσας
799 830 918 909 ἅμα
938 832 1199 891 ἐκείνοισι
1220 832 1472 903 ἔπεσθαι,
1492 834 1739 909 Σαρδίων
1752 860 1825 911 με

206 917 583 996 ἀπεστέρηκε·
646 924 743 980 νῦν
776 919 851 980 ὦν
895 924 1000 983 κῶς
1035 946 1127 979 τοι
1165 919 1423 994 φαίνεται
1465 925 1640 981 ταῦτα
1681 923 1827 1001 ἔχειν

207 1010 423 1075 καλῶςς
467 1011 575 1070 κῶς
601 1005 713 1065 δ”
676 1033 804 1068 ανευ
829 1012 941 1068 τῶν
980 1011 1100 1067 σῶν
1139 1007 1542 1085 βουλευμάτων
1571 1010 1825 1070 τοιοῦτόν

203 1118 261 1151 τι
314 1093 597 1172 ἐπρήχθη;
646 1094 752 1173 ὅρα
790 1122 872 1173 μη
916 1095 979 1164 ἐξ
1015 1094 1253 1171 ὑστέρης
1294 1096 1538 1156 σεωυτὸν
1579 1101 1637 1156 ἐν
1675 1098 1825 1175 αἰτιῃ

204 1178 415 1259 σ’χῇς.”
452 1181 576 1240 εἶπε
594 1183 736 1259 πρὸς
753 1187 930 1243 ταῦτα
957 1182 989 1242 ὁ
1012 1182 1297 1245 Ιστιαῖος·
1327 1192 1362 1218 “
1376 1175 1645 1259 βασιλέΰ,
1672 1189 1826 1245 κοῖον

204 1268 548 1349 ἐφθέγξαο”
519 1295 675 1333 επος·
662 1316 677 1340 ,
709 1272 806 1346 ἐμὲ
824 1272 1147 1347 βουλεῦσαι
1166 1273 1418 1350 πρῆγμα,
1441 1275 1501 1329 ἐκ
1520 1274 1620 1330 τοῦ
1646 1273 1749 1331 σοί
1768 1299 1825 1332 τι

201 1353 243 1430 ἢ
269 1356 425 1437 μέγα
447 1355 487 1433 ἢ
514 1358 756 1435 σμικρὰν
781 1360 988 1436 ἔμελλε
1008 1357 1264 1436 λυπηρὰν
1282 1357 1665 1438 οἷνασχήσεινς
1692 1361 1754 1420 τί
1775 1360 1822 1421 δ’

203 1442 280 1502 ἂν
319 1445 699 1521 ἐπιδιζήμενος
731 1447 978 1524 ποιέοιμι
1005 1450 1208 1516 ταῦτας
1263 1450 1359 1506 τεῦ
1393 1447 1453 1506 δὲ
1486 1447 1670 1524 ἐνδεὴς
1703 1448 1822 1520 ἐῶν,

202 1533 471 1611 τῷπάρα
490 1537 594 1610 μὲν
618 1533 802 1594 πάντα
821 1532 936 1594 ὅσα
960 1560 1069 1610 περ
1097 1534 1211 1604 σοὶ,
1238 1533 1459 1594 πάντων
1480 1536 1539 1594 δὲ
1559 1536 1699 1613 πρός
1720 1538 1823 1597 σέο

203 1621 622 1698 βουλευμάτων
665 1621 954 1684 ἐπακούειν
996 1621 1288 1699 αἷξιεῦμαις
1349 1622 1480 1681 ἀλλ’
1527 1625 1576 1681 εἴ
1619 1649 1725 1700 περ
1767 1649 1824 1684 τι

202 1713 470 1769 τοιοῦτον
504 1709 624 1769 οἷον
655 1708 731 1768 σι)
767 1711 985 1786 εἴρηκας
1011 1710 1262 1787 πρήσσει
1290 1710 1322 1769 ὁ
1350 1711 1481 1786 ἐμὰς
1510 1711 1822 1786 ἐπίτροπος,

206 1796 336 1856 ισθι
348 1795 520 1857 ατη-ὂν
541 1796 625 1856 ἐπ’
644 1801 844 1857 ἑωυτου
819 1798 1227 1874 “βαλλόμενον
1240 1797 1603 1876 πεπρηχέναι·
1645 1798 1824 1878 αρχῆν

205 1883 331 1943 δὲ’
300 1910 475 1966 εγωγε
502 1883 629 1944 οὐδε
655 1885 942 1963 ἐνδέκομαι
966 1885 1068 1947 τὸν
1094 1882 1342 1965 λόγον,”
1309 1910 1448 1947 οκως
1465 1911 1522 1943 τι
1542 1885 1824 1996 Μιλήσιοι

207 1971 307 2031 καὶ
331 1971 367 2032 ὅ
392 1971 530 2049 ἐμός
549 1973 842 2049 ἐπίτροπος
864 1973 1130 2049 νεώτερον
1148 1971 1480 2049 πρήσσουσι
1500 1973 1627 2050 περὶ
1647 1973 1822 2055 πρήγ-

203 2086 365 2137 ματα
387 2086 465 2120 τα
490 2060 588 2119 σά·
633 2064 681 2119 εἰ
707 2060 753 2119 δ’
780 2087 889 2139 αρα
923 2087 980 2121 τι
1014 2086 1239 2121 τοιουτο
1265 2063 1507 2124 ποιεῦσι,
1539 2062 1629 2119 καὶ
1657 2088 1730 2121 συ
1755 2087 1822 2123 το

206 2146 304 2208 ἐόν
331 2148 596 2224 ἀκήκοας,
625 2148 669 2207 ὦ
684 2150 961 2224 βασιλεῦ,
989 2147 1137 2226 μάθε
1164 2148 1279 2208 οἷον
1306 2152 1541 2230 πρῆγμα
1575 2149 1823 2230 ἐργάσαο

207 2237 309 2312 ἐμὲ
334 2234 453 2296 ‹in-6
483 2235 786 2312 θαλάσσης
813 2235 1184 2296 ἀνάσπαστον
1210 2235 1471 2311 ποιήσας)
1503 2237 1688 2300 Ἴωνες
1712 2239 1823 2319 γοῖρ

206 2324 422 2393 οἴκασι,
466 2327 598 2400 ἐμεῦ
639 2323 703 2392 ἐξ
740 2322 1057 2400 ὀφθαλμῶν
1095 2330 1207 2400 σφι
1231 2325 1551 2405 γενομένου,
1586 2328 1824 2400 ποιῆσαι

203 2415 319 2470 τῶν
344 2411 530 2470 πάλαι
568 2411 761 2488 ἵμερον
797 2438 970 2490 ειχον·
1013 2413 1144 2488 ἐμέο
1172 2411 1217 2470 δ’
1244 2410 1313 2470 ἂν
1347 2411 1534 2474 ἐόντος
1560 2418 1618 2472 ἐν
1643 2412 1824 2492 Ἰωνίῃ

206 2497 446 2575 οὐδεμία
481 2498 648 2562 πόλις
678 2497 998 2574 ὑπεκίνησε·
1041 2503 1139 2559 νῦν
1175 2497 1249 2558 ὦν
1278 2498 1349 2562 ὥς
1384 2499 1558 2578 τάχος
1582 2527 1655 2578 με
1683 2500 1825 2576 ἄφες

205 2586 557 2664 πορευθῆναι
583 2591 638 2649 ἐς
661 2585 891 2663 Ἰωνίην,
926 2586 1015 2647 ἵνα
1055 2612 1143 2646 τοι
1185 2586 1339 2647 κεῖνά
1376 2612 1439 2646 τε
1474 2587 1656 2647 πάντα
1695 2614 1822 2648 κατ-

205 2673 429 2751 αρτίσω
454 2679 510 2737 ἐς
534 2673 731 2744 τῶυτό,
760 2674 851 2732 καὶ
876 2673 975 2733 τόν
1003 2673 1321 2751 Μιλήτου’
1297 2673 1600 2752 επίτροπον
1625 2680 1825 2737 τοῦτον

203 2760 312 2821 τᾶν
330 2764 510 2821 ταῦτα
527 2761 1004 2840 μηχανησάμενον
1024 2763 1397 2871 ἐγχειρίθετον
1416 2764 1665 2872 παραδῶ·
1693 2769 1821 2824 ταῦ-

205 2875 284 2908 τα
325 2849 388 2908 δὲ
428 2876 572 2909 κατα
611 2875 741 2910 νοον
780 2875 879 2911 τον
919 2876 1028 2911 σον
1059 2849 1319 2925 ποιήσας,
1360 2847 1530 2914 θεοὺς
1550 2851 1824 2928 ἐπόμνυμι

207 2962 344 3000 τους
386 2937 747 3013 βασιληιους,
772 2964 854 3015 μη
888 2964 992 3015 μεν
1025 2936 1300 3015 πρότερον
1341 2938 1688 2997 ἐκδύσασθαι
1727 2937 1826 2995 τᾶν

213 3024 356 3102 ἔχων
399 3026 605 3084 κιθῶνα
647 3025 1050 3104 καταβήσομαι
1092 3030 1147 3087 ἐς
1185 3025 1414 3097 Ἰωνίην,
1457 3025 1587 3099 πρὶν
1628 3021 1696 3078 ἅν
1736 3046 1825 3123 τοί

214 3111 416 3188 Σαρδω
455 3116 635 3188 νῆσον
673 3113 777 3189 τὴν
817 3114 1092 3195 μεγίστην
1133 3112 1504 3188 δασμοφόρον
1551 3104 1823 3178 ποιήσωῗ

210 3197 484 3263 Ἱστιαῖος
507 3201 612 3277 μὲν
638 3200 706 3276 δὴ
731 3201 912 3283 λέγων
936 3205 1114 3261 ταῦτα
1140 3198 1432 3273 διέβαλλε·
1462 3194 1696 3265 Δαρεῖος
1723 3190 1781 3247 δὲ
1802 3188 1911 3247 107

1977 3327 2093 3381 Α.
