2100 3409
127 52 427 118 134—137]
815 53 1124 106 owrmu.
1644 56 1740 108 275

127 136 346 212 άνδρου
375 132 488 214 γὰρ
524 131 813 209 ἀδελφεὴν
843 134 1106 214 Γυγαίην,
1147 132 1429 210 Ἀμύντεω
1469 134 1531 194 δὲ
1572 135 1740 217 θυγα-

126 225 292 301 τέρα»
361 219 663 297 Βουβάρης
712 219 853 297 ἀνὴρ
918 221 1151 298 Πέρσης
1208 222 1360 300 ἔσκε»
1422 226 1483 280 ἔκ
1534 225 1635 298 τῆς
1686 225 1742 282 οἳ

129 309 394 392 ἐγεγόνεε
432 307 710 385 Ἀμύντης
749 308 781 368 ὁ
822 313 881 367 ἐν
918 311 990 386 τῇ
1028 308 1213 388 Α’σίῃ,
1245 310 1384 387 ἔχων
1420 308 1487 369 τὰ
1531 307 1739 386 οὕνομα

128 403 238 459 τοῦ
268 394 713 474 μητροπάτορος·
752 399 830 474 τῷ
864 395 934 471 δη
967 401 1028 454 ἐκ
1061 397 1342 472 βασιλέος
1374 400 1476 472 τῆς
1499 397 1742 478 Φρυγίης

128 484 309 560 ἐδόθη
340 480 675 559 Ἀλάβανδα
714 482 883 545 πόλις
910 481 1135 563 μεγάλη
1171 483 1559 565 νέμεσθαι·)”
1522 510 1641 561 αμα
1680 484 1740 543 δὲ

128 572 169 633 ὅ
198 570 536 649 Μαρδόνιος,
556 568 923 646 πυθόμενος
891 596 979 630 οτι
1002 569 1269 648 πρόξεινός
1286 597 1348 631 τε
1365 572 1449 647 εἴη
1476 572 1569 630 καὶ
1595 571 1740 649 εὐερ-

126 661 305 740 γέτης
343 658 377 718 ὅ
404 657 789 735 Ἀλέξανδρος,
828 659 1059 735 ἔπεμπε·
1097 657 1230 722 τοῦς
1266 658 1378 739 γάρ
1411 659 1742 735 Ἀθηναίους

129 746 285 806 οὕτω
319 744 503 805 ἐδόκεε
537 744 793 822 μάλιστα
825 743 1308 822 προσκτήσεσθαι,
1341 745 1483 806 λεών
1508 771 1570 807 τε
1594 751 1736 806 πολ·

129 833 244 893 λόν
279 832 390 910 ἄρα
423 832 638 892 άκούων
668 833 807 892 εἶναι
844 833 936 891 καὶ
967 831 1226 909 ἄλκιμον,
1251 832 1325 894 τά
1361 857 1424 893 τε
1464 834 1607 893 κατὰ
1635 834 1743 909 τήν

132 919 448 980 θάλασσαν
499 919 846 998 συντυχόντα
892 925 1006 995 σφι
1045 919 1354 997 παθήματα
1396 946 1739 1002 κατεργασα-

128 1009 338 1084 μένους
388 1006 644 1083 μάλιστα
691 1007 1018 1083 Ἀθηναίους
1064 1008 1352 1068 ἐπίστατο·
1417 1009 1627 1069 τούτων
1678 1010 1740 1068 δὲ

130 1095 620 1202 προσγενομένων,
660 1093 966 1170 κατήλπιζε
1007 1093 1270 1158 εὐπετέως
1306 1098 1408 1169 τῆς
1439 1096 1740 1171 θαλάσσης

132 1181 458 1258 κρατήσειν,
484 1181 660 1257 τάπερ
692 1207 763 1241 αν
798 1181 892 1239 καὶ
927 1179 1016 1255 ἦν·
1056 1181 1199 1259 πεζῇ
1222 1205 1286 1239 τε
1312 1180 1494 1240 ἐδόκεε
1518 1183 1741 1242 πολλον

132 1269 279 1330 εἶναι
312 1270 589 1345 κρέσσων·
637 1268 780 1329 οὕτω
814 1293 876 1329 τε
916 1267 1201 1348 ἐλογίζετο
1228 1267 1540 1345 κατύπερθέ
1576 1271 1633 1327 οἱ
1664 1295 1738 1328 τα

129 1356 448 1437 πρήγματα
485 1356 718 1416 ἔσεσθαι
757 1355 891 1437 [τῶν
923 1354 1313 1438 Ἑλληνικῶν]
1393 1354 1542 1434 τάχα
1581 1354 1630 1415 δ
1667 1353 1737 1415 ἂν

131 1446 231 1503 καὶ
272 1443 349 1504 τοὶ
385 1443 706 1524 χρηστήρια
743 1442 918 1503 ταῦτά
957 1446 1011 1502 οἱ
1049 1444 1338 1524 προλέγοι,
1384 1443 1739 1521 συμβουλεύ-

129 1557 276 1593 οντα
309 1531 616 1609 σύμμαχον
648 1530 716 1590 τὰ
750 1529 1050 1606 Ἀθηναῖον
1089 1534 1144 1590 οἱ
1172 1530 1544 1606 ποιήσασθαι·
1584 1535 1735 1592 τοῖσι

130 1619 206 1693 δή
233 1617 563 1692 πειθόμενος
587 1619 816 1693 ἔπεμπε.

217 1702 338 1757 Τοῦ
388 1698 449 1756 δὲ
497 1697 867 1775 Ἀλεξάνδρου
918 1696 1118 1757 τούτου
1170 1697 1413 1773 ἕβδομος
1464 1697 1697 1778 γενέτωρ
1718 1698 1833 1761 137

132 1785 455 1861 Περδίκκης
493 1785 634 1854 ἐστὶ,
670 1785 703 1845 ὁ
743 1782 1089 1860 κτησάμενος
1121 1788 1233 1844 τῶν
1267 1784 1603 1844 Μακεδόνων
1636 1783 1741 1859 τήν

129 1871 437 1950 τυραννῶα
460 1871 647 1950 τρόπῳ
665 1872 874 1950 τοιῷδε·
904 1872 965 1941 ἐξ
976 1868 1216 1952 Ἀργεος
1242 1872 1452 1951 ἔφυγον
1476 1875 1529 1932 ἐς
1553 1869 1738 1930 Ἰλλυ-

129 1959 293 2038 ριοῦς
308 1962 417 2019 τῶν
431 1963 684 2035 Τημενοῦ
703 1958 993 2040 άπογόνων
1016 1961 1165 2036 τρεῖς
1184 1958 1468 2034 ἀδελφεοὶ,
1490 1957 1739 2033 Γαυάνης

129 2074 197 2108 τε
243 2047 343 2105 καὶ
390 2045 659 2123 Ἀέροπος
700 2048 794 2106 καὶ
836 2046 1164 2123 Περδίκκης·
1234 2051 1294 2105 ἐκ
1347 2046 1406 2105 δὲ
1448 2045 1741 2121 Ἰλλυριῶν

129 2135 560 2212 ὑπερβαλόντες
601 2140 657 2199 ἐς
685 2134 789 2210 τὴν
821 2132 931 2195 ἅνω
971 2134 1338 2210 Μακεδονίην,
1378 2132 1644 2193 άπίκοντο
1684 2137 1740 2196 ἐς

131 2222 401 2298 Λεβαίην
416 2221 603 2282 πόλιν·
632 2222 872 2282 ἐνθαῦτα
896 2220 956 2281 δὲ
982 2221 1242 2297 ἐθήτευον
1268 2221 1360 2281 ἐπὶ
1384 2222 1570 2299 μισθῷ
1586 2220 1741 2296 παρὰ

131 2314 216 2388 τῷ
258 2310 520 2385 βασιλέϊ,
554 2310 588 2370 ὅ
627 2313 732 2387 μὲν
776 2310 976 2373 ἵππους
1017 2310 1210 2385 νέμων,
1241 2309 1272 2369 ὁ
1316 2309 1375 2368 δὲ
1408 2311 1570 2385 βοῦς,
1605 2308 1637 2369 ὁ
1679 2308 1740 2367 δὲ

133 2396 414 2461 νεώτατος
438 2396 617 2458 αὐτῶν
644 2397 957 2473 Περδίκκης
978 2397 1050 2457 τοὶ
1077 2397 1260 2456 λεπτοὶ
1284 2401 1395 2456 τῶν
1414 2395 1738 2473 προβάτων·

132 2485 293 2561 ἦσαν
323 2484 386 2544 δὲ
414 2484 480 2544 τὰ
513 2485 693 2544 πάλαι
727 2485 822 2543 καὶ
857 2486 915 2542 αἱ
943 2484 1255 2560 τυραννίδες
1288 2487 1399 2542 τῶν
1440 2480 1741 2559 άνθρῶπων

133 2572 405 2635 ἀσθενέες
446 2571 717 2651 χρήμασι,
762 2570 828 2632 οὗ
868 2574 1076 2647 μοῦνον
1117 2569 1150 2631 o‘
1197 2569 1388 2645 δῆμος·
1437 2567 1476 2644 ἦ
1508 2569 1569 2627 δὲ
1600 2569 1740 2648 γυνή

131 2664 240 2720 τοῦ
278 2661 560 2736 βασιλέος
590 2658 730 2735 αὐτὴ
763 2659 837 2718 τοὶ
874 2658 1030 2718 σιτία
1069 2663 1181 2733 σφι
1222 2656 1449 2715 ἔπεσσε·
1503 2653 1641 2719 ὅκως
1680 2656 1740 2716 δὲ

134 2746 364 2826 ὄπτῶτο
402 2745 436 2807 ό
475 2746 642 2823 άρτος
678 2751 781 2805 τοῦ
820 2745 1018 2808 παιδός
1056 2749 1157 2805 τοῦ
1199 2743 1365 2815 θητος
1405 2743 1736 2820 Περδίκκεω,

134 2833 443 2910 διπλήσιος
481 2836 690 2915 ἐγίνετο
725 2831 893 2897 αὐτος
927 2836 1150 2893 ἑωυτοῦ·
1192 2832 1312 2891 ἐπεὶ
1337 2831 1396 2891 δὲ
1423 2832 1531 2890 αἰεὶ
1564 2830 1738 2891 τωυτό

134 2925 308 2982 τοῦτο
337 2922 563 3007 ἐγίνετο,
593 2922 714 2981 εἶπε
748 2947 890 2998 προς
919 2944 1017 2980 τον
1053 2918 1226 2996 ἄνδρα
1255 2919 1355 2979 τᾶν
1382 2922 1600 2992 ἑωυτῆς·
1639 2942 1739 2976 τον

134 3007 260 3069 δὲ’
223 3008 546 3069 ακούσαντα
583 3009 796 3083 ἐσῆλθε
821 3006 1033 3075 αυτίκα,
1063 3032 1135 3069 ως
1161 3005 1245 3081 εἴη
1269 3006 1433 3083 τέρας
1458 3004 1551 3062 καὶ
1576 3004 1740 3077 φέροι

135 3102 193 3159 ἐς
226 3098 383 3176 μέγα
406 3121 481 3154 τι·
523 3096 771 3158 καλέσας
796 3095 856 3153 δὲ
880 3118 1010 3155 τους
1036 3093 1225 3168 θῆτας,
1252 3088 1595 3170 προηγόρευέ
1627 3092 1741 3161 σφι

130 3182 675 3245 άπαλλάσσεσθαι’
648 3208 709 3243 εκ
733 3185 839 3264 γῆς
860 3183 961 3257 τῆς
987 3182 1208 3241 εωυτοῦ·
1249 3181 1304 3239 οἱ
1330 3179 1391 3238 δὲ
1415 3198 1513 3235 τον
1529 3172 1742 3250 μισθὸν
