2100 3409
335 65 432 115 162
968 60 1336 113 ἮΡοΔοτοτ
1779 65 1922 131 svn,

336 167 498 221 τερον
521 140 725 218 ταύτης
758 143 862 218 τῆς
893 139 1185 204 ἐλάσιος
1152 166 1395 220 υπαρχοι
1422 147 1482 203 ἐν
1506 146 1580 222 τῇ
1605 144 1816 224 Θρηΐκῃ
1841 147 1923 206 καὶ

337 235 437 292 τοῦ
455 229 885 306 Ελλησπόντου
904 233 1184 310 πανταχῆ·
1214 227 1368 289 οὗτοι
1389 228 1463 289 ὧν
1481 257 1698 305 παντες,
1718 234 1778 291 οἶ
1790 259 1851 292 τε
1869 239 1922 293 ἐκ

333 321 575 397 Θρηίκης
592 321 684 379 καὶ
697 323 798 378 τοῦ
817 318 1269 395 Ἑλλησπόντου,
1284 318 1438 394 πλὴν
1451 323 1554 379 τοῦ
1576 325 1635 379 ἐν
1656 323 1919 402 Δορίσκω,

331 408 441 469 ύπὸ
465 408 753 483 Ἑλλήνων
770 407 1005 482 ὕστερον
1023 406 1226 481 ταύτης
1251 411 1352 483 τῆς
1370 411 1794 485 στρατηλασίης
1811 411 1919 488 ἐξῃ-

330 499 597 574 ρέθησαν·
636 494 737 556 τᾶν
764 495 822 554 δὲ
855 500 913 554 ἐν
940 496 1202 573 Δορίσκῳ
1235 493 1565 571 Μασκάμην
1597 496 1835 574 οὐδαμοί
1852 524 1918 556 κω

333 584 719 659 ἐδυνάσθησαν
740 583 962 654 ἐξελεῖν,
979 586 1213 642 πολλῶν
1231 585 1672 660 πειρησαμένων·
1702 586 1790 646 διὰ
1805 590 1915 645 τοῦ·

328 697 396 732 το
429 673 492 733 δέ
524 675 578 732 οἳ
611 671 682 731 τοὶ
717 672 865 748 δῶρα
896 671 1175 749 πέμπεται
1205 671 1359 747 παροὶ
1387 675 1489 730 τοῦ
1523 673 1914 747 βασιλεύοντος

237 760 352 821 107
369 761 476 819 αἰεὶ
502 765 560 820 ἐν
586 760 865 839 Πέρσῃσι.
936 759 1147 819 Τῶν-δέ
1173 758 1557 836 ἐξαιρεθέντων
1581 759 1695 821 ὖπὸ
1725 761 1910 837 Ἑλλή-

329 873 435 908 νων
455 847 648 909 ούδένα
668 846 946 924 βασιλεῦς
963 846 1177 924 Ξέρξης
1197 846 1424 924 ἐνόμισε
1446 847 1583 907 εἶναι
1602 847 1774 924 ἄνδρα
1793 848 1908 930 οἷγα-

330 936 446 1006 θὸν,
476 940 524 996 εἰ
556 935 637 1014 μή
665 935 852 1016 Βόγην
883 938 1106 1013 μοῦνον,
1134 933 1235 994 τᾶν
1267 933 1330 1003 ἐξ
1360 933 1603 997 Ἠἵόνος·
1645 940 1837 996 τοῦτον
1859 936 1909 996 δὲ

328 1025 518 1084 αἰνέων
558 1023 658 1084 οὐκ
699 1023 951 1093 ἐπαύετο,
995 1023 1088 1081 καὶ
1125 1022 1257 1085 τούς
1301 1022 1619 1099 περιεόντας
1659 1022 1827 1084 αὐτοῦ
1859 1029 1908 1086 ἐν

328 1113 595 1192 Πέρσῃσι
619 1112 820 1178 παῖδας
847 1112 1009 1188 ἐτίμα
1032 1108 1309 1188 μάλιστα·
1342 1110 1462 1168 ἐπεὶ
1488 1111 1582 1169 καὶ
1600 1110 1754 1180 ἄξιος
1772 1113 1907 1172 αἴνου

325 1201 578 1281 μεγάλου
605 1201 821 1282 ἐγένετο
848 1198 1053 1280 Βόγης·
1096 1197 1158 1261 ὃς
1184 1197 1372 1272 ἐπειδὴ
1400 1200 1790 1284 ἐπολιορκέετο
1812 1193 1906 1260 {nx-<3

324 1286 630 1365 Ἀθηναίων
657 1290 749 1347 καὶ
776 1288 1033 1364 Κίμωνος
1058 1290 1159 1346 τοῦ
1184 1285 1522 1356 Μιλτιάδεω,
1543 1286 1756 1363 παρεὸν
1782 1288 1908 1367 αύτῷ

326 1376 682 1436 ύπόσπονδον
704 1375 949 1444 ἐξελθεῖν
971 1376 1064 1433 καὶ
1082 1379 1363 1449 νοστῆσαι
1385 1379 1440 1436 ἐς
1457 1374 1564 1449 τήν
1582 1374 1801 1451 Ἀσίην,
1824 1376 1907 1435 οὐκ

326 1464 580 1539 ἐθέλησε,
615 1463 696 1539 μή
738 1463 917 1541 δειλίῃ
956 1461 1133 1532 δόξειε
1173 1466 1440 1539 περιεῖναι
1456 1509 1461 1514 .
1478 1464 1737 1537 βασιλέῖ,
1771 1463 1908 1523 άλλιὶ

327 1541 664 1629 διεκαρτέρεε
700 1556 754 1614 ἐς
787 1551 857 1611 τὰ
895 1551 1158 1631 ἔσχατον·
1204 1550 1275 1613 ὥς
1311 1548 1357 1608 δ’
1383 1550 1540 1610 οὐδὲν
1576 1552 1658 1610 ἔτι
1698 1554 1909 1628 φορβῆς

327 1644 452 1715 ἐνῆν
480 1646 537 1700 ἐν
560 1644 637 1720 τῷ
666 1640 853 1719 τείχεϊ,
882 1638 1167 1715 συννήσας
1198 1637 1378 1714 πυρὴν
1409 1637 1682 1719 μεγάλην,
1712 1639 1909 1716 ἔσφαξε

324 1727 397 1787 ‘td
419 1728 584 1789 τέκνα
611 1729 702 1788 καὶ
725 1728 829 1805 τὴν
852 1731 1088 1808 γυναῖκα
1109 1727 1203 1786 καὶ
1226 1726 1327 1790 τὰς
1354 1725 1654 1789 παλλακὰς
1681 1729 1772 1787 καὶ
1795 1727 1909 1793 τούς

324 1816 555 1881 οἰκέτας·
584 1818 677 1878 καὶ
698 1818 885 1877 ἔπειτα
904 1817 1155 1892 ἐσέβαλε
1175 1819 1230 1878 ἐς
1247 1814 1314 1874 τὸ
1335 1817 1466 1891 πῦρ·
1490 1813 1635 1890 μετὰ
1655 1814 1716 1874 δὲ
1733 1820 1904 1886 ταῦτα,

323 1902 421 1963 τόν
438 1906 654 1984 χρυσόν
674 1904 891 1966 ἅπαντα
907 1903 1007 1965 τόν
1028 1909 1090 1962 ἐκ
1108 1906 1210 1963 τοῦ
1230 1901 1431 1965 ἄστεος
1451 1903 1543 1961 καὶ
1561 1902 1662 1962 τόν
1681 1901 1905 1985 ἄργυρον

324 1991 544 2070 ἔσπειρε
579 1992 692 2054 άπὸ
723 1996 825 2053 τοῦ
858 1993 1070 2072 τείχεος
1107 1996 1163 2055 ἐς
1196 1990 1296 2051 τόν
1336 1989 1647 2067 Στρυμόνα,
1679 1993 1904 2067 ποιήσας

324 2079 384 2140 δὲ
426 2085 619 2149 ταῦτα,
661 2081 859 2140 ἑωυτὸν
902 2080 1152 2155 ἐπέβαλε
1200 2082 1255 2142 ἐς
1300 2077 1367 2138 τὰ
1419 2082 1550 2154 πῦρ.
1633 2077 1776 2139 οὕτω
1814 2083 1901 2156 μὲν

322 2164 483 2229 οὗτος
509 2167 724 2229 δικαίως
749 2166 984 2226 αἰνέεται
1010 2167 1090 2226 ἔτι
1117 2167 1209 2225 καὶ
1236 2170 1291 2228 ἐς
1315 2164 1442 2226 τόδε
1469 2165 1579 2225 aja-<3
1606 2169 1878 2245 Περσέων.

231 2256 347 2315 108
405 2254 615 2330 Ξέρξης
659 2253 719 2312 δὲ
766 2258 824 2312 ἐκ
868 2257 970 2313 τοῦ
1018 2255 1304 2332 Δορίσκου
1347 2253 1639 2328 ἐπορεύετο
1687 2256 1778 2315 ἐπὶ
1813 2253 1900 2330 τήν

322 2339 595 2402 Ἑλλάδα·
636 2339 764 2404 τούς
801 2341 861 2400 δὲ
897 2342 1002 2401 αἰεὶ
1035 2342 1358 2422 γινομένους
1389 2341 1644 2418 ἐμποδῶν
1677 2368 1899 2420 συστρα-

322 2428 583 2489 τεύεσθαι
600 2428 891 2510 ἠνάγκαζε·
922 2428 1257 2489 ἐδεδούλωτο
1282 2428 1411 2510 γαῖρ,
1434 2428 1505 2493 ὥς
1531 2429 1624 2488 καὶ
1651 2430 1898 2508 πρότερόν

322 2542 423 2592 μοι
464 2516 778 2593 δεδήλωται,
819 2516 857 2592 ἦ
903 2518 1072 2596 μέχρι
1112 2518 1440 2592 Θεσσαλίης
1487 2520 1665 2587 πᾶσα,
1715 2519 1802 2576 καί
1835 2517 1897 2593 ἧν

322 2603 432 2664 cm?
484 2607 736 2681 βασιλέα
797 2601 1181 2681 δασμοφόρος,
1237 2603 1588 2685 Μεγαβάζου
1641 2630 1705 2664 τε
1756 2631 1897 2666 κατα-

325 2695 712 2772 στρεψαμένου
740 2694 831 2752 καὶ
862 2693 1100 2770 ὕστερον
1127 2693 1468 2770 Μαρδονίου.
1534 2695 1897 2770 παραμείβετο
1955 2759 1958 2766 ,

325 2781 386 2840 δὲ
424 2781 791 2858 πορευόμενος
831 2786 891 2840 ἐκ
926 2782 1227 2858 Δορίσκου,
1260 2786 1454 2860 πρῶτα
1484 2784 1587 2860 μὲν
1622 2780 1695 2841 ‘td
1738 2783 1898 2859 Σαμο-

324 2870 543 2948 θρηίκια
563 2870 765 2948 τείχεα,
787 2874 897 2929 τῶν
919 2868 1133 2954 ἐσχάτη
1150 2871 1493 2933 πεπόλισται
1512 2868 1653 2948 πρός
1681 2871 1900 2947 ἑσπέρην

320 2958 488 3022 πόλις
513 2962 585 3035 τῇ
613 2956 823 3033 οὔνομά
850 2963 971 3018 ἐστι
1004 2961 1378 3037 Μεσαμβρίη·
1422 2961 1607 3039 ἔχεται
1635 2959 1693 3018 δὲ
1722 2959 1902 3034 ταύτης

322 3049 547 3108 Θασίων
592 3045 774 3117 πόλις,
821 3046 1067 3122 Στρύμη·
1123 3048 1213 3106 διοὶ
1258 3048 1320 3107 δέ
1366 3055 1557 3123 σφεων
1594 3051 1697 3108 τοῦ
1743 3050 1903 3124 μέσου

323 3137 544 3200 Λίσσος
583 3133 836 3210 ποταμὸς
877 3132 1131 3211 διαρρέει·
1174 3135 1236 3199 ὃς
1274 3135 1400 3196 τότε
1444 3136 1541 3195 οὔκ
1578 3135 1814 3216 οἷντέσχε
1847 3134 1904 3196 τό

321 3220 464 3302 ὕδωρ
494 3216 755 3304 παρέχων
783 3224 863 3301 τῷ
892 3221 1108 3300 Ξέρξεω
1140 3227 1379 3301 στρατῷ,
1407 3222 1540 3284 ἀλλ’
1567 3223 1814 3286 ἐπέλιπε·
1870 3246 1904 3297 η
