2100 3409
176 78 469 143 153—156]
829 80 1203 138 ΠΟΛΤΜΝῙΑ.
1691 86 1785 135 183

168 159 435 220 τούτοισι
456 159 613 219 τοῖσι
634 160 945 236 πολέμοισι
972 161 1076 220 ε’ὢν
1102 160 1135 221 ὁ
1161 162 1349 221 Γέλων
1369 163 1786 240 λαμπρότατος·

170 251 287 307 τῶν
333 247 393 305 δὲ
440 246 602 305 εἶπον
641 247 871 321 πολίων,
914 250 1153 308 τουτέων
1192 249 1347 324 πλὴν
1389 251 1785 327 Συρηκουσέων

175 334 410 412 σῦδεμία
462 334 712 414 πέφευγε
772 334 1120 412 δουλοσύνην
1178 336 1319 414 πρός
1367 336 1787 415 Ἱπποκράτεος·

176 423 596 500 Συρηκουσῖους
630 422 689 480 δὲ
724 423 1017 498 Κορίνθιοί
1040 450 1104 483 τε
1138 425 1230 482 καὶ
1267 430 1602 503 Κερκυραῖοι
1634 424 1786 503 ε’ρρύ-

169 536 355 570 σαντο
381 510 543 587 μάχῃ
571 510 920 573 ἐσσωθέντας
946 512 1037 570 ἐπὶ
1063 517 1297 592 ποταμῷ
1319 513 1566 595 Ἐλώρῳ.
1637 513 1787 590 ἐρρύ-

167 624 356 657 σαντο
398 598 459 656 δὲ
496 595 655 657 οὗτοι
698 598 787 656 ἐπὶ
824 599 1019 657 τοῖσδε
1057 600 1521 672 καταλλάξαντες,
1567 600 1650 660 ἐπ’
1683 600 1788 680 ᾧτε

168 685 536 762 Ἱπποκράτεῖ
583 685 915 762 Καμάριναν
960 688 1377 764 Συρηκουσίους
1421 689 1783 766 παραδοῦναι·

170 774 576 851 Συρηκουσίων
604 772 663 831 δὲ
693 772 764 848 ἦν
791 773 1094 884 Καμάρινα
1113 776 1185 835 *ro*
1217 775 1469 855 α’ρχαῖον.
1550 776 1649 840 Ὡς
1685 777 1747 837 δὲ
1766 781 1881 839 155

169 862 267 920 καὶ
294 859 672 937 Ιπποκρατεα
697 862 1141 938 τυραννεύσαντα
1165 864 1267 923 ἴσα
1289 866 1411 923 ἔτεα
1434 892 1513 944 τῳ
1486 865 1786 944 ”α’.δελφεῷ

170 949 486 1027 Κλεάνδρω
532 949 820 1027 κατέλαβε
865 949 1168 1011 αποθανεῖν
1214 952 1354 1028 πρὸς
1391 953 1534 1013 πόλι
1567 952 1783 1033 Υβλῃ,

168 1036 671 1114 στρατευσάμενον
691 1038 783 1095 ἐπὶ
806 1037 938 1098 τούς
961 1039 1247 1109 Σικελους,
1272 1039 1413 1098 οὕτω
1438 1039 1571 1115 3⁷7‘
1537 1068 1570 1100 ο
1597 1042 1788 1101 Γέλων

166 1151 252 1185 τω
222 1125 428 1205 λόγῳ
454 1124 733 1201 τιμωρέων
759 1127 912 1184 τοῖσι
936 1123 1337 1202 Ἱπποκρατεος
1362 1128 1529 1185 παισὶ
1553 1126 1780 1188 Εὐκλεί-

168 1213 243 1291 δῃ
269 1239 334 1272 τε
369 1212 463 1270 καὶ
494 1212 815 1291 Κλεάνδρῳ,
845 1210 910 1269 οὗ
942 1213 1309 1288 βουλομένων
1333 1217 1444 1273 τῶν
1474 1216 1785 1289 πολιητέων

170 1299 465 1375 κατηκόων
507 1301 586 1359 ἔτι
629 1299 781 1369 εἶναι,
822 1304 902 1379 τῷ
938 1302 1092 1381 ἔργῳ,
1135 1299 1206 1363 οἷς
1247 1300 1591 1379 ἐπεκράτησε
1627 1302 1785 1383 μα’χῃ

164 1392 286 1448 τῶν
318 1386 572 1457 Γελῶων,
606 1386 749 1465 ἦρχε
786 1387 957 1452 αὖτός
995 1386 1392 1467 ἀποστερήσας
1426 1388 1556 1452 τοῦς
1591 1388 1782 1450 Ἰππο-

167 1475 410 1552 κροίτεος
459 1475 683 1538 παῖδας·
735 1476 879 1552 μετὰ
928 1476 992 1534 δὲ
1041 1481 1211 1537 τοῦτο
1263 1476 1330 1537 τό
1381 1476 1612 1555 εὕρημα,
1654 1477 1787 1543 τούς
1849 1544 1854 1549 ,

164 1562 460 1644 γαμόρους
490 1564 862 1641 καλεομένους
884 1568 995 1623 τῶν
1024 1566 1413 1641 Συρηκουσίων
1447 1566 1788 1630 ἐκπεσόντας

164 1651 283 1710 ὑπό
312 1674 379 1710 τε
409 1655 510 1710 τοῦ
538 1650 717 1727 δήμου
752 1652 843 1711 καὶ
873 1655 984 1712 τῶν
1011 1653 1299 1728 σφετέρων
1326 1652 1537 1713 δούλων
1564 1654 1783 1734 (καλεο-

165 1740 357 1818 μένων
394 1738 457 1796 δὲ
491 1740 846 1820 Κυλλυρίων)
882 1739 914 1800 0⁸
955 1740 1147 1798 Γέλων
1189 1739 1518 1820 καταγαγῶν
1553 1740 1784 1804 τούτους

168 1833 233 1886 ἐκ
278 1828 588 1903 Κασμένης
628 1827 826 1891 πόλιος
866 1833 920 1890 ἐς
958 1827 1062 1890 ταῖς
1104 1825 1482 1903 Συρηκούσας,
1514 1829 1651 1907 ἔσχε
1692 1830 1785 1888 καὶ

162 1913 400 1978 ταύτας·
454 1913 492 1974 ὅ
535 1914 646 1997 γὰρ
688 1916 865 1992 δῆμος
903 1914 936 1974 ὁ
977 1918 1091 1975 τῶν
1138 1915 1533 1991 Συρηκουσίων
1577 1914 1784 1975 ἐπιόντι

167 2004 390 2062 Γέλωνι
430 2004 733 2080 παραδιδοῖ
771 2004 876 2078 τὴν
917 2003 1087 2062 πόλιν
1131 2003 1223 2061 καὶ
1272 2002 1488 2062 ἑωυτόν.
1569 2001 1646 2062 ‘O
1682 2004 1742 2062 δὲ
1762 2006 1875 2065 156

169 2092 302 2150 ἐπεί
331 2117 396 2150 τε
430 2092 730 2167 παρέλαβε
764 2091 865 2155 τὰς
902 2091 1278 2168 Συρηκούσας,
1316 2091 1496 2166 Γέλης
1531 2092 1634 2167 μὲν
1669 2097 1783 2150 ἐπι·-

170 2178 421 2257 κρατέων
466 2178 643 2260 λόγον
686 2179 918 2238 ἐλάσσω
964 2179 1226 2250 ἐποιέετο,
1272 2181 1571 2258 ἐπιτρέψας
1612 2179 1786 2256 αὖτῆν

165 2265 380 2344 Ἱέρωνι
408 2260 668 2345 ἀδελφεῷ
695 2271 895 2327 {mm-017
901 2294 916 2307 ·
958 2266 991 2326 ὅ
1016 2267 1077 2326 δὲ
1101 2266 1204 2331 τσῖς
1239 2267 1601 2345 Συρηκούσας
1628 2267 1782 2346 ἐκρά-

168 2378 317 2426 τυνε,
338 2355 436 2414 καὶ
461 2353 613 2430 ἦσαν
634 2353 858 2415 απαντα
886 2382 941 2415 οι
967 2355 1342 2433 Συρήκουσαι.
1405 2359 1464 2417 αἱ
1491 2356 1550 2415 δὲ
1574 2382 1782 2434 παραυ·

168 2443 300 2502 τίκα
327 2442 436 2502 ανᾶ
460 2440 509 2503 τ’
536 2443 775 2521 ἔδραμον
802 2444 893 2502 καὶ
924 2442 1305 2519 ἅνέβλαστον·
1344 2448 1513 2503 τοῦτο
1545 2446 1649 2521 μὲν
1671 2445 1782 2525 γὰρ

171 2531 596 2609 Καμαριναίους
636 2531 881 2594 ἅπαντας
923 2535 978 2594 ἐς
1015 2531 1118 2594 τοὶς
1159 2530 1519 2607 Συρηκούσας
1558 2531 1784 2613 ἀγαγων

170 2617 454 2695 πολιήτας
481 2620 728 2694 ἐποίησε,
751 2617 1083 2696 Καμαρίνης
1110 2618 1169 2677 δὲ
1192 2645 1258 2678 το
1282 2643 1426 2678 αστυ
1444 2618 1781 2697 κατέσκαψε·

170 2711 339 2767 τοῦτο
390 2706 452 2765 δὲ
505 2705 739 2768 Γελῶων
783 2705 1162 2819 ὑπερημίσεας
1211 2710 1323 2767 τῶν
1374 2705 1562 2767 οἷστῶν
1605 2705 1783 2767 τῶυτό

170 2798 327 2854 τοῖσι
365 2794 809 2870 Καμαριναίοισι
843 2793 1099 2869 ἐποίησε·
1141 2795 1438 2875 Μεγαρέας
1471 2819 1535 2853 τε
1563 2819 1695 2857 τους
1725 2799 1784 2854 ἐν

173 2881 424 2961 Σικελίῃ,
462 2880 535 2945 ’ως
568 2881 1044 2992 πολιορκεόμενοι
1066 2886 1120 2945 ἐς
1155 2881 1463 2963 ὁμολογίην
1494 2881 1784 2959 προσεχώ-

173 2994 375 3049 ρησαν,
402 2967 534 3032 τοῦς
558 2971 663 3046 μὲν
687 2970 868 3032 αι’ὴῶν
889 2968 1123 3048 παχέας,
1150 2968 1506 3047 αειραμένους
1527 2994 1590 3028 τε
1613 2967 1785 3025 πόλε-

172 3082 280 3134 μον
305 3054 457 3115 αὖτω
487 3058 581 3116 καὶ
612 3060 1056 3136 προσδοκέοντας
1093 3057 1441 3117 ἀπολέεσθαι
1476 3054 1567 3113 δια
1597 3056 1781 3120 τοῦτο,

174 3145 322 3224 ἄγων
362 3148 420 3209 ἔς
454 3172 556 3209 τας
593 3148 953 3224 Συρηκούσας
988 3146 1262 3221 πολιήτας
1294 3144 1545 3218 ἐποίησε·
1582 3138 1681 3197 τόν
1721 3137 1782 3195 δὲ

174 3233 355 3313 δῆμον
380 3259 495 3293 των
520 3237 841 3316 Μεγαρέων,
870 3260 968 3295 ουκ
996 3232 1157 3293 ἐόντα
1181 3232 1463 3308 μεταίτιον
1489 3229 1587 3285 τοῦ
1613 3223 1781 3282 πολέ-
