2100 3409
207 27 512 94 108—110]
867 30 1175 78 OTPANIA.
1730 31 1827 79 263

208 115 278 174 ἐς
322 108 433 186 τήν
478 109 699 169 ἑωυτοῦ·
760 106 826 169 τό
875 109 1128 169 ἐνθεῦτεν
1173 108 1234 167 δὲ
1284 107 1414 185 περὶ
1466 111 1567 184 τῆς
1619 108 1828 169 ἐκείνου

207 197 518 279 ποιέεσθαι
541 195 649 272 ἤδη
672 195 772 257 τόν
795 195 983 277 ἀγῶνα
1003 197 1243 256 ε’κέλευε.
1299 195 1502 272 ταύτης
1529 195 1590 254 δὲ
1610 196 1828 276 εἴχοντο

207 290 320 361 τῆς
344 284 568 367 γνώμης
595 284 687 342 καὶ
723 285 1199 360 Πελοποννησίων
1223 285 1334 344 τῶν
1360 281 1553 343 ἄλλων
1579 286 1633 343 οἶ
1658 310 1826 361 στρα-

207 375 403 454 τηγοί.
465 371 564 435 Ὡς
589 371 649 431 δὲ
677 373 845 449 ἔμαθε
871 370 960 432 ὅτι
984 370 1052 432 οὖ
1077 372 1263 432 πείσει
1286 370 1416 433 τούς
1439 395 1508 451 γε
1533 370 1786 435 πολλοὺς
1806 373 1919 432 109

210 459 433 522 πλώειν
456 464 513 524 ἐς
536 458 640 521 τᾶν
664 458 1097 534 Ἑλλήσποντον
1129 458 1161 520 ὅ
1194 459 1633 535 Θεμιστοκλέης,
1660 484 1826 535 μετα-

209 546 423 625 βαλών
467 545 611 625 πρὸς
649 545 778 610 τούς
815 544 1380 622 Ἀθηναίους-οὗτοι
1418 546 1529 627 γὰρ
1570 545 1827 623 μάλιστα

214 634 645 715 ἐκπεφευγότων
678 634 1091 710 περιημέκτεον,
1121 633 1363 712 ὁρμέατό
1397 659 1459 693 τε
1486 638 1542 697 ἐς
1572 633 1673 694 τᾶν
1696 632 1827 693 Ἑλ-

211 721 548 798 λήσποντον
571 720 781 781 πλώειν
807 722 899 780 καὶ
926 722 1018 781 ε’πὶ
1040 723 1235 798 σφέων
1255 721 1434 781 αὐτῶν
1452 722 1826 799 βαλλόμενοι,

211 813 265 869 εἶ
294 807 476 869 ὧλλοι
500 808 580 885 μὴ
606 808 1162 890 βουλοίατο-ἔλεγέ
1186 815 1298 886 σφι
1318 808 1466 868 τάδε·
1497 818 1533 843 “
1550 810 1643 867 καὶ
1662 808 1828 873 αὕτὸς

209 896 325 973 ἤδη
351 900 630 957 πολλοῖσι
655 897 1057 978 παρεγενόμην,
1086 897 1194 957 καὶ·
1204 900 1406 976 πολλῷ
1430 897 1585 956 πλέω
1612 896 1827 973 ἀκήκοα

208 984 407 1045 τοιάδε
437 985 719 1065 γενέσθαι·
761 982 962 1062 ἄνδρας
989 990 1044 1048 ἐς
1071 984 1377 1067 ἀναγκαίην
1408 983 1826 1061 ἀπειληθέντας,

210 1072 601 1150 ιενικημένους
634 1071 1034 1151 ἀναμάχεσθαί
1060 1098 1122 1131 τε
1152 1074 1247 1130 καὶ
1274 1071 1697 1150 ἀναλαμβάνειν
1722 1071 1828 1147 τήν

152 1166 163 1176 ’
207 1159 494 1238 προτέρην
514 1159 810 1236 κακότητα·
836 1159 996 1236 ἡμεῖς
1022 1159 1098 1229 δὲ,
1123 1159 1362 1239 (εὕρημα
1387 1158 1498 1240 γάρ
1520 1158 1827 1264 εὑρήκαμεν

207 1246 396 1323 ἡμέας
432 1273 494 1305 τε
538 1246 734 1311 αὐτους
778 1247 871 1305 καὶ
910 1245 1014 1323 τήν
1050 1245 1325 1315 “Ελλάδα,
1373 1246 1544 1321 νέφος
1581 1249 1826 1305 τοσοῦτο

208 1333 521 1412 ἀνθρώπων
566 1333 955 1415 ἀνωσάμενοι,)
995 1334 1079 1412 μή
1127 1333 1403 1410 διώκωμεν
1448 1331 1647 1410 ἄνδρας
1691 1333 1825 1410 φεύ-

207 1447 439 1502 γοντας·
493 1422 624 1483 τάδε
662 1422 772 1503 γάρ
816 1421 914 1482 οὐκ
954 1422 1115 1500 ἡμεῖς
1157 1420 1638 1503 κατεργασάμεθα,
1671 1420 1827 1481 ἀλλά

210 1508 344 1570 θεοί
378 1530 440 1569 τε
481 1511 573 1570 καὶ
609 1508 797 1587 ἥρωες,
841 1510 894 1569 οἳ
934 1509 1261 1587 ἐφθόνησαν
1287 1509 1459 1588 ἄνδρα
1501 1511 1595 1571 ἕνα
1628 1515 1729 1587 τῆς
1761 1535 1825 1571 τε

208 1595 417 1673 Ἀσίης
450 1598 541 1656 καὶ
572 1601 673 1674 τῆς
702 1597 975 1674 Εὐρώπης
1009 1599 1376 1674 βασιλεῦσαι,
1408 1596 1569 1659 ἐόντα
1596 1597 1826 1659 ἀνόσιόν

211 1710 280 1744 τε
308 1685 403 1743 καὶ
428 1684 775 1746 ἀτάσθαλον·
820 1685 880 1749 ὃς
906 1685 978 1746 τά
1001 1712 1065 1745 τε
1094 1686 1184 1762 ἱροὶ
1213 1685 1304 1744 καὶ
1330 1686 1400 1744 w}
1428 1687 1540 1744 ἴδια
1569 1691 1626 1744 ἐν
1654 1685 1826 1764 ὁμοίῳ

213 1771 487 1842 ἐποιέετο,
514 1773 789 1851 ἐμπιπράς
824 1799 886 1833 τε
923 1774 1015 1831 καὶ
1042 1772 1425 1847 καταβάλλων
1450 1777 1562 1832 τῶν
1591 1773 1730 1832 θεῶν
1754 1771 1826 1831 τά

211 1857 541 1940 ἀγάλματα·
595 1859 655 1923 ὃς
697 1861 788 1919 καὶ
839 1859 944 1936 τήν
1013 1859 1318 1920 θάλασσαν
1385 1858 1823 1940 ἀπεμαστίγωσε

212 1946 389 2010 πέδας
427 1973 491 2007 τε
531 1951 748 2023 κατῆκε.
834 1946 967 2007 ἀλλ’
1009 1947 1068 2006 εὖ
1107 1946 1219 2028 γάρ
1263 1948 1376 2026 ἔχει
1419 1951 1473 2010 ἐς
1512 1946 1578 2006 ord
1616 1946 1824 2024 παρεὸν

210 2033 370 2110 ἡμῖν,
399 2038 498 2094 νῦν
522 2038 626 2112 μὲν
654 2040 712 2097 ἐν
737 2039 809 2114 τῇ
827 2034 1068 2095 Ἑλλάδι
1096 2035 1527 2112 καταμείναντας
1551 2033 1735 2111 ἦμέων
1759 2059 1822 2094 τε

213 2120 400 2182 αὐτῶν
425 2124 829 2200 ἐπιμεληθῆναι
855 2122 948 2181 καὶ
972 2128 1085 2183 τῶν
1111 2123 1378 2182 οἰκετέων·
1422 2123 1520 2181 καί
1538 2147 1622 2186 τις
1650 2123 1825 2198 οἰκίην

210 2234 279 2269 τε
323 2207 751 2271 ἀναπλασάσθω
796 2210 889 2269 καὶ
931 2210 1149 2312 σπόρου
1196 2209 1407 2274 ἀνακῶς
1461 2210 1647 2290 ἐχέτω,
1689 2236 1826 2270 παν-

210 2296 421 2361 τελόως
461 2296 753 2361 ἀπελάσας
790 2298 889 2359 τᾶν
940 2284 1263 2378 βάρβαρον·
1326 2297 1445 2376 ἅμα
1487 2300 1546 2359 δὲ
1587 2302 1665 2379 τῷ
1706 2300 1825 2376 ἔαρι

212 2386 672 2463 καταπλέωμεν’
646 2386 737 2445 επὶ
762 2385 1196 2462 Ἑλλησπόντου
1224 2389 1316 2447 καὶ
1333 2388 1559 2463 Ἰωνίης.
1558 2386 1592 2407 ”
1648 2392 1825 2447 ταῦτα

213 2474 381 2554 ἔλεγε
415 2472 705 2550 ἀποθήκην
740 2476 967 2551 μέλλων
993 2474 1338 2550 ποιήσεσθαι
1366 2480 1421 2537 ἐς
1445 2475 1546 2534 τᾶν
1571 2475 1823 2552 Πέρσεα·

214 2560 325 2630 ἵνα,
374 2559 444 2637 ἢν
490 2559 599 2638 ἄρα
633 2562 695 2622 τί
729 2588 827 2639 μιν
873 2559 1287 2639 καταλαμβάνῃ
1341 2560 1481 2637 πρός
1518 2560 1827 2638 Ἀθηναίων

210 2645 414 2720 πάθος,
444 2648 546 2727 ἔχῃ
571 2647 970 2726 ἀποστροφήν·
1011 2648 1190 2724 τάπερ
1215 2646 1289 2707 ὧν
1317 2649 1409 2706 καὶ
1437 2648 1667 2729 ἐγένετο.

299 2736 720 2813 Θεμιστοκλέης
743 2739 847 2813 μὲν
870 2741 1048 2797 ταῦτα
1075 2736 1255 2815 λέγων
1283 2736 1575 2812 διέβαλλε·
1616 2734 1782 2813 Ἀθη·
1804 2738 1918 2796 110

212 2824 364 2883 ναῖοι
398 2822 460 2882 δὲ
496 2824 801 2885 ἐπείθοντο·
844 2824 1032 2900 ἐπειδὴ
1059 2822 1187 2904 γάρ,
1219 2824 1311 2883 καὶ
1335 2822 1609 2901 πρότερον
1637 2825 1824 2904 δεδογ-

211 2908 382 2986 μένος
410 2909 549 2970 εἶναι
574 2912 777 2987 σοφὰς,
806 2912 987 2987 ἐφάνη
1026 2912 1128 2969 ε’ὠν
1155 2910 1405 2986 ἀληθέως
1431 2910 1619 2987 σοφός
1643 2937 1706 2971 τε
1734 2911 1828 2969 καὶ

212 2993 511 3072 εὔβουλος,
555 2998 773 3062 πάντως
809 3002 1021 3075 ἑτοῖμοι
1060 2996 1214 3071 ἦσαν
1250 2999 1474 3078 λέγοντι
1508 2997 1824 3056 πείθεσθαι.

213 3081 287 3145 ὥς
340 3083 401 3142 δὲ
454 3083 612 3144 οὗτοί
652 3090 705 3145 οἱ
753 3084 1163 3166 ἀνεγνωσμένοι
1211 3084 1376 3161 ἦσαν,
1433 3082 1628 3143 αὐτίκα
1681 3083 1825 3159 μετὰ

210 3173 393 3230 ταῦτα
443 3170 477 3230 ὁ
531 3173 951 3250 Θεμιστοκλέης
1004 3170 1206 3248 ἄνδρας
1247 3172 1541 3247 ἀπέπεμπε
1596 3170 1826 3249 ἔχοντας

859 3350 882 3375 Ι
