2100 3409
207 55 502 118 101—104]
830 55 1204 105 KAAAmnH.
1726 62 1820 109 329

207 138 473 195 ἔλασσον
498 134 653 212 εἶχον
676 137 749 213 τῇ
781 133 959 213 μάχῃ·
1002 134 1215 197 ἐπεὶ,δὲ
1243 137 1354 194 τῶν
1381 133 1691 211 Ἀθηναίων
1726 137 1820 197 καὶ

204 226 325 283 τῶν
378 222 703 300 προσεχέων
757 221 789 281 ὁ
843 220 1103 298 στρατὸς,
1153 220 1290 286 ὅκως
1337 225 1546 282 ἑωυτῶν
1596 225 1823 304 γένηται

204 310 277 369 τὰ
315 311 478 389 ἔργον
511 310 602 367 καὶ
641 309 722 386 μή
756 310 1220 385 Λακεδαιμονίων,
1254 310 1821 387 παρακελευσάμενοι,

206 398 382 476 ἔργου
409 397 626 474 εἴχοντο
652 396 1087 473 προθυμότερον,
1109 397 1357 457 ἐνθεῦτεν
1383 396 1489 473 ἤδη
1513 402 1821 475 ἑτεροιοῦτο

202 483 280 543 τό
322 487 577 564 πρῆγμα·
621 483 953 560 διωσάμενοι
977 484 1088 564 γὰρ
1125 484 1198 544 τά
1232 486 1407 565 γέρρα
1443 483 1612 556 οὗτοι,
1655 487 1821 563 φερό-

203 596 375 646 μενοι
407 571 683 630 ἐσέπεσον
724 569 885 634 σΪλέες
926 576 981 633 ἐς
1019 570 1148 634 τούς
1189 574 1438 649 Πέρσας·
1482 576 1537 632 οἳ
1568 573 1627 633 δὲ
1666 574 1817 643 δεξά-

203 684 388 734 μενοι,
420 659 512 716 καὶ
537 658 742 738 χρόνον
768 658 977 739 συχνὸν
1009 658 1361 736 ἀμυνόμενοι,
1388 661 1551 724 τέλος
1584 663 1820 744 ἔφευγον

206 750 270 808 ἐς
295 744 364 806 τὰ
389 749 595 824 τεῖχος·
635 745 924 822 Ἀθηναῖοι
955 748 1015 806 δὲ
1053 748 1146 806 καὶ
1183 749 1471 824 Κορίνθιοι
1498 750 1590 809 καὶ
1615 750 1818 815 Σικυώ-

205 859 322 893 νιοι
361 834 453 892 καὶ
490 834 818 911 Τροιζήνιοι,
857 834 1024 916 (οὕτω
1059 835 1171 916 γὰρ
1203 834 1352 912 ἦσαν
1389 837 1587 913 ἐπεξῆς
1625 864 1817 920 τεταγ-

202 921 413 1001 μένος)
456 947 932 1000 συνεπισπομενοι
971 924 1386 985 συνεσέπιπτον
1428 929 1483 989 ἐς
1511 926 1580 985 τὸ
1614 930 1818 1005 τεῖχος·

207 1008 286 1070 ὥς
329 1009 389 1068 δὲ
430 1009 522 1069 καὶ
559 1009 627 1070 τό
666 1014 853 1089 τεῖχος
888 1011 1176 1089 ἀραίρητο,
1211 1011 1323 1071 οὔτ’
1353 1013 1431 1073 ἔτι
1466 1013 1607 1091 πρὸς
1637 1014 1820 1091 ἀλκήν

207 1093 522 1172 ἐτράποντο
563 1101 616 1157 οἱ
654 1098 948 1174 βάρβαροι
986 1099 1129 1175 πρός
1168 1099 1355 1179 φυγήν
1389 1126 1453 1159 τε
1491 1100 1732 1178 ὁρμέατο
1765 1105 1819 1161 οἷ

206 1182 386 1243 ἄλλοι
425 1184 579 1260 πλήν
620 1184 903 1261 Περσέων·
948 1183 1102 1244 οὗτοι
1142 1186 1201 1245 δὲ
1250 1185 1365 1246 κατ’
1407 1186 1634 1267 ὀλίγους
1670 1188 1817 1268 γινό-

168 1329 179 1337 ,
205 1298 387 1347 μενοι,
417 1271 693 1351 ἐμάχοντο
726 1275 879 1332 τοῖσι
910 1274 1016 1332 αἰεὶ
1059 1278 1113 1336 ἐς
1150 1272 1217 1333 τὰ
1257 1276 1443 1351 τεῖχος
1475 1274 1817 1334 ἐσπίπτουσι

204 1358 520 1435 εΕλλήνων.
604 1361 695 1419 καὶ
729 1364 840 1420 τῶν
875 1365 1207 1442 στρατηγῶν
1242 1365 1351 1421 τῶν
1388 1365 1686 1438 Περσικῶν
1718 1361 1819 1421 δύο

205 1450 318 1522 μὲν
343 1446 748 1527 ἀποφεύγουσι,
777 1447 875 1508 δύο
901 1447 961 1506 δὲ
985 1453 1310 1511 τελευτῶσι·
1351 1447 1687 1526 Ἀρταΰντης
1710 1452 1815 1526 μὲν

209 1534 306 1592 καὶ
330 1532 663 1612 Ἰθαμίτρης,
685 1539 784 1594 τοῦ
811 1539 1069 1595 ναυτικοῦ
1096 1537 1547 1615 στρατηγέοντες,
1568 1537 1815 1613 οἷποφεύ·

206 1647 400 1701 γουσι·
482 1621 814 1699 Μαρδόντης
854 1622 912 1681 δὲ
950 1624 1041 1681 καὶ
1081 1622 1114 1682 ὁ
1153 1628 1255 1685 τοῦ
1293 1625 1463 1694 πεζοῦ
1495 1626 1812 1705 στρατηγὸς

207 1708 484 1789 Τιγράνης
502 1709 813 1788 μαχόμενοι
832 1714 1150 1770 τελευτῶσι.
1214 1708 1341 1769 ”En
1362 1710 1421 1770 δὲ
1439 1713 1771 1790 μαχομένων
1794 1714 1907 1773 103

205 1801 320 1857 τῶν
375 1799 639 1873 Περσέων
692 1796 959 1857 ἀπίκοντο
998 1796 1428 1874 Λακεδαιμόνιοι
1468 1799 1560 1857 καὶ
1599 1803 1655 1858 οἱ
1691 1798 1812 1875 μετ’

207 1881 407 1953 αὐτῶν,
438 1885 528 1942 καὶ
551 1885 623 1954 ταῖ
654 1885 831 1944 λοιποὶ
868 1884 1313 1962 συνδιεχείριζον.
1400 1885 1602 1947 ἔπεσον
1633 1887 1692 1944 δὲ
1718 1888 1811 1947 καὶ

206 1970 390 2030 αὐτῶν
421 1974 531 2031 τῶν
563 1971 853 2047 Ἑλλήνων
893 1972 1095 2049 συχνοὶ
1136 1971 1372 2031 ἐνθαῦτα
1411 1971 1580 2031 ἄλλοι
1618 1999 1682 2033 τε
1720 1975 1815 2033 καὶ

209 2057 517 2129 Σικυώνιοι,
546 2060 638 2118 καὶ
664 2060 981 2140 στρατηγὸς
1001 2061 1301 2144 Περίλεως.
1367 2063 1476 2120 τῶν
1502 2060 1562 2118 δὲ
1588 2062 1814 2139 Σαμίων

206 2149 261 2204 οἱ
303 2146 753 2224 στρατευόμενοι,
797 2146 975 2210 ἐόντες
1013 2173 1078 2207 τε
1119 2151 1177 2207 ἐν
1215 2150 1292 2224 τῷ
1331 2149 1692 2228 στρατοπέδῳ
1730 2152 1808 2228 τῷ

206 2232 444 2312 Μηδικῷ
469 2235 562 2292 καὶ
586 2233 1027 2311 ἀπαραιρημένοι
1053 2234 1126 2294 τὰ
1152 2233 1414 2305 ὅπλα,·ὦς
1442 2235 1590 2297 εἶδον
1614 2236 1811 2297 αὐτίκα

206 2319 328 2401 κατ’
368 2319 546 2400 άρχοὶς
584 2322 883 2403 γινομένην
924 2323 1223 2400 ἑτεραλκέα
1262 2322 1366 2398 τήν
1405 2324 1611 2404 μάχην,
1654 2325 1812 2403 ἔρδον

199 2408 349 2494 ῥ’σον
387 2406 671 2482 ἠδυνέατο,
699 2411 1124 2487 προσωφελέειν
1165 2411 1450 2475 ἐθέλοντες
1487 2415 1643 2472 τοῖσι
1672 2413 1810 2472 Ἐλ-

201 2501 366 2572 λησι·
409 2497 654 2573 Σαμίους
689 2497 750 2557 δὲ
784 2497 989 2560 ἰδόντες
1028 2500 1083 2556 οἳ
1114 2496 1286 2556 ἄλλοι
1310 2495 1497 2561 Ἴωνες
1523 2497 1810 2574 ἄρξαντας,

202 2583 350 2643 οὕτω
370 2583 438 2659 δή
461 2586 554 2642 καὶ
574 2584 733 2646 αὐτοὶ
752 2583 1101 2647 ἀποστάντες
1125 2583 1239 2645 ‹in-6
1262 2586 1528 2661 Περσέων
1550 2586 1808 2646 ἐπέθεντο

199 2674 359 2730 τοῖσι
403 2672 781 2749 βαρβάροισι.
862 2672 1211 2748 Μιλησίοισι
1254 2673 1314 2734 δὲ
1355 2675 1770 2749 προσετέτακτο
1788 2677 1901 2738 104

200 2761 309 2836 μὲν
364 2763 476 2821 τῶν
529 2763 798 2838 Περσέων
849 2759 950 2823 τοὶς
1000 2761 1216 2824 διόδους
1275 2764 1480 2838 τηρεῖν,
1535 2763 1811 2840 σωτηρίης

203 2847 385 2907 εἵνεκά
413 2854 546 2923 σφι·
588 2847 677 2917 ὦς,
703 2848 774 2925 ἢν
798 2848 909 2926 ἄρα
934 2850 1121 2923 σφέας
1145 2848 1561 2928 καταλαμβάνῃ
1588 2849 1680 2909 οἷά
1705 2876 1810 2927 περ

203 2936 505 3010 κατέλαβε,
549 2937 769 3014 ἔχοντες
801 2936 1080 3017 ἡγεμόνας
1111 2935 1396 3007 σώζωνται
1427 2941 1483 2999 ἐς
1514 2936 1614 2998 τοὶς
1653 2962 1810 3013 κορυ-

204 3021 320 3097 φοῖς
343 3027 445 3099 τῆς
471 3023 763 3099 Μυκάλης·
808 3022 1129 3103 ἐτάχθησαν
1154 3024 1259 3100 μέν
1285 3050 1382 3085 νυν
1419 3024 1513 3082 ἐπὶ
1540 3026 1708 3083 τοῦτο
1738 3022 1806 3084 vd

202 3112 441 3191 πρῆγμα
472 3114 526 3171 οἶ
566 3111 868 3188 Μιλήσιοι,
893 3110 1094 3171 τούτου
1132 3137 1195 3170 τε
1235 3113 1439 3173 εἵνεκεν
1471 3111 1563 3169 καὶ
1605 3110 1693 3168 ἵνα
1725 3110 1808 3187 μή

205 3196 502 3275 παρεόντες
528 3203 585 3259 ἐν
609 3202 687 3277 τῷ
712 3198 1071 3276 στρατοπέδῳ
1102 3224 1157 3258 τι
1189 3198 1429 3277 νεοχμόν
1452 3198 1709 3257 ποιέοιεν·
1752 3199 1808 3257 οἱ
