2100 3409
251 63 343 111 104
855 52 1224 106 ἮΡΟΔΟΤΟΤ
1605 49 1615 62 “
1722 62 1866 121 [τι.

245 138 606 216 Καλλίμαχε,
639 136 761 195 ἔστι
795 133 834 211 ἢ
867 135 1296 194 καταδουλῶσαι
1325 132 1584 210 Ἀθήνας,
1621 133 1660 210 ἢ
1702 139 1872 194 ε’λευ-

246 228 410 305 θέρας
435 225 753 302 ποιήσαντα
777 222 1115 301 μνημόσυνα
1131 223 1403 282 λιπέσθαι
1429 227 1485 284 ἐς
1509 221 1609 282 τᾶν
1635 221 1873 283 ἅπαντα

245 315 548 393 α’νθρωπων
576 313 728 390 βίον,
763 312 857 370 οἶα
893 310 1018 370 οὐδὲ
1049 309 1348 387 Αρμόδιός
1378 335 1444 368 τε
1479 311 1571 368 καὶ
1596 308 1871 386 Ἀριστο·

246 405 442 516 γείτων
461 402 746 461 λείπουσι·
773 403 870 459 νῦν
887 425 1000 480 γαρ
1021 398 1110 474 δὴ,
1131 398 1196 467 ἐξ
1209 393 1274 457 οὗ
1298 398 1553 477 ἐγένοντο
1566 396 1873 474 Ἀθηναῖοι

249 496 305 555 ἐς
347 491 597 550 κίνδυνον
636 486 843 563 ἥκουσι
883 488 1174 568 μέγιστον·
1234 511 1326 544 και
1360 484 1432 561 ἣν
1473 487 1578 561 μέν
1616 513 1686 567 γε
1720 485 1869 546 ὕπο-

249 578 472 656 κῦψωσι
491 581 650 636 τοῖσι
675 574 945 650 Μήδοισι,
974 574 1229 633 δέδοκται
1252 599 1326 632 τα
1358 573 1651 633 πείσονται
1678 601 1869 652 παραν-

251 666 535 740 δεδομένοι
567 662 779 740 Ἱππίῃ·
821 661 893 738 ἦν
928 663 988 721 δὲ
1020 663 1378 742 περιγένηται
1413 660 1555 737 αὕτη
1594 688 1630 737 η
1672 662 1867 736 πόλις,

249 754 341 828 οἵη
364 754 432 813 τέ
454 758 581 812 ε’στι
601 751 795 829 πρώτη
818 754 931 810 τῶν
954 749 1302 825 Ἑλληνίδων
1325 750 1542 808 πολίων
1572 752 1867 830 γενέσθαι.

250 844 358 904 κῶς
383 840 460 900 ὦν
485 840 553 916 δή
578 844 759 900 ταῦτα
782 839 877 898 οἷά
899 840 967 897 τέ
990 843 1116 897 ἐστι
1149 838 1432 918 γενέσθαι,
1460 838 1550 895 καὶ
1579 843 1683 902 κῶς
1709 845 1768 902 ἔς
1794 841 1873 901 σέ

174 999 177 1002 ,
247 954 307 989 τι
328 927 541 989 τούτων
564 927 756 1003 ἀνήκει
780 930 893 986 τῶν
915 925 1262 1006 πρηγμάτων
1287 924 1356 985 τό
1385 928 1547 1001 κῦρος
1573 928 1736 1005 ἔχειν,
1764 933 1870 988 νῦν

251 1017 484 1095 ἔρχομαι
508 1015 767 1094 φράσων·
786 1013 979 1091 ’ἡμέων
1006 1018 1119 1073 τῶν
1143 1018 1477 1093 στρατηγῶν
1503 1014 1703 1075 ἐόντων
1730 1014 1869 1074 δέκα

251 1104 384 1184 δίχα
422 1105 670 1185 γίνονται
706 1106 766 1162 αἱ
795 1107 1029 1184 γνῶμαι·
1073 1105 1183 1160 τῶν
1216 1103 1319 1176 μὲν
1356 1101 1696 1162 κελευόντων
1719 1128 1866 1180 συμ-

249 1193 503 1268 βαλέειν,
548 1197 663 1254 τῶν
701 1193 763 1251 δὲ
803 1190 870 1249 οὗ
909 1187 1337 1272 [συμβαλέειν]·
1390 1188 1461 1265 ἢν
1498 1191 1605 1266 μέν
1644 1216 1741 1251 νυν
1781 1192 1866 1269 μὴ

253 1282 658 1357 συμβάλωμεν,
688 1279 941 1354 ἔλπομαί
975 1304 1102 1337 τινα
1150 1276 1359 1337 στάσιν
1399 1276 1722 1359 μεγάλην’
1696 1305 1868 1355 εμπε-

252 1371 477 1426 σσῦσαν
506 1368 816 1426 διασείσειν
860 1365 931 1423 τοὶ
974 1365 1287 1441 Ἀθηναίων
1323 1365 1676 1442 φρονήματα,
1718 1394 1870 1428 ωστε

252 1453 508 1529 μηδίσαι·
563 1452 634 1529 ἦν
677 1453 738 1510 δὲ
789 1451 1187 1529 συμβάλωμεν
1226 1453 1360 1529 πρίν
1398 1478 1456 1511 τι
1502 1455 1594 1512 καὶ
1647 1456 1871 1532 σαθρόν

251 1540 561 1616 Ἀθηναίων
598 1539 1008 1616 μετεξετέροισι
1064 1541 1407 1621 ἐγγενέσθαι,
1452 1543 1593 1601 θεῶν
1642 1543 1714 1602 τοὶ
1760 1543 1869 1603 ἶσα

256 1628 548 1707 νεμόντων,
590 1628 707 1689 οἷοί
736 1653 802 1689 τε
841 1630 1008 1738 <ip-ev-
1030 1629 1426 1709 περιγενέσθαι
1456 1633 1529 1707 τῇ
1563 1633 1867 1711 συμβολῇ.

253 1721 432 1778 ταῦτα
457 1716 531 1778 ὦν
555 1717 739 1779 πάντα
765 1722 821 1781 ἔς
845 1719 916 1776 σὲ
942 1721 1043 1778 νῦν
1064 1717 1246 1785 τείνει,
1276 1718 1367 1775 καὶ
1394 1723 1456 1776 ἐκ
1480 1718 1585 1777 σέο
1609 1745 1867 1795 αρτηται

253 1803 326 1881 ἦν
346 1832 459 1887 γαρ
497 1831 574 1866 συ
596 1805 791 1889 γνώμῃ
817 1809 891 1885 τῇ
909 1809 1018 1884 ε’μῇ
1044 1806 1293 1884 προσθῇ,
1321 1805 1443 1864 ἔστι
1466 1830 1554 1864 τοι
1578 1809 1782 1883 πατρίς
1803 1832 1869 1868 τε

257 1894 527 1971 ἐλευθέρη
551 1895 645 1953 καὶ
670 1894 839 1957 πόλις
868 1893 1065 1970 πρώτη
1086 1896 1202 1958 τῶν
1226 1898 1283 1952 ἔν
1307 1898 1381 1970 τῇ
1413 1892 1668 1953 Ελλάδι·
1710 1892 1784 1970 ἦν
1808 1894 1868 1954 δὲ

254 1980 362 2055 τήν
383 1985 495 2042 τῶν
526 1980 996 2041 ἀποσπευδόντων
1020 1979 1127 2056 τήν
1151 1981 1460 2057 συμβολήν
1487 1982 1605 2060 ἕλῃ,
1633 1982 1868 2059 ὑπάρξει

167 2068 283 2128 110
304 2093 395 2128 τοι
427 2094 539 2129 των
564 2095 674 2148 εγω
701 2068 970 2137 κατέλεξα
998 2068 1227 2150 οἷγαθῶν
1251 2068 1322 2127 τοῖ
1350 2069 1619 2129 ε’ναντία.”
1677 2075 1869 2131 Ταῦτα

260 2155 443 2234 λέγων
485 2181 519 2213 ο
564 2155 878 2231 Μιλτιάδης
924 2159 1278 2233 προσκτᾶται
1324 2157 1424 2216 τᾶν
1464 2159 1867 2239 Καλλίμαχον·

263 2243 719 2321 προσγενομένης
777 2242 838 2301 δὲ
897 2248 1029 2303 τοῦ
1052 2244 1421 2322 πολεμάρχου
1470 2249 1574 2321 τῆς
1624 2245 1863 2326 γνώμης,

258 2327 560 2435 ἐκεκύρωτο
590 2329 976 2406 συμβάλλειν·
1029 2332 1176 2407 μετοὶ
1213 2333 1288 2402 δὲ,
1318 2336 1371 2392 οἱ
1405 2333 1721 2413 στρατηγοὶ
1757 2337 1869 2392 τῶν

257 2415 297 2492 ἦ
321 2442 514 2496 γνωμη
543 2417 705 2493 ἔφερε
741 2417 1127 2493 συμβάλλειν,
1158 2420 1228 2482 ὥς
1265 2420 1506 2480 εκάστου
1542 2419 1725 2481 αὑτων
1759 2422 1866 2501 ε’γί-

259 2528 387 2563 νετο
417 2504 726 2581 πρυτανηιη
761 2509 863 2581 τῆς
896 2506 1126 2583 ἡμέρης,
1167 2508 1459 2587 Μιλτιάδῃ
1493 2508 1868 2585 παρεδίδοσαν

260 2590 293 2650 ὅ
321 2591 380 2650 δὲ
406 2591 696 2670 δεκόμενος
735 2593 856 2653 οὔτι
885 2620 960 2652 κω
997 2594 1309 2671 συμβολήν
1344 2597 1608 2665 ἐποιέετο,
1636 2597 1768 2672 πρίν
1801 2620 1868 2677 γε

261 2678 330 2754 δή
358 2677 530 2739 αὐτοῦ
556 2682 866 2757 πρυτανηίη
894 2682 1131 2762 ἐγένετο.

171 2768 279 2825 111
367 2766 464 2829 Ὡς
490 2767 550 2824 δὲ
578 2773 633 2829 ἐς
657 2770 864 2827 ἐκεῖνον
889 2770 1179 2846 περιῆλθε,
1204 2771 1440 2830 ἐνθαῦτα
1465 2770 1534 2845 δή
1557 2768 1869 2830 ἐτάσσοντο

265 2851 368 2913 ὧδε
416 2854 707 2930 Ἀθηναῖοι
760 2853 832 2917 ὥς
884 2858 1328 2934 συμβαλέοντες·
1388 2883 1489 2917 του
1533 2860 1639 2935 μὲν
1690 2858 1873 2929 δεξιοῦ

263 2943 451 3020 κέρεος
502 2942 701 3024 ἤγεετο
739 2946 774 3005 ὅ
821 2946 1182 3023 πολέμαρχος
1228 2946 1624 3025 Καλλίμαχος·
1685 2945 1720 3006 ὅ
1760 2972 1871 3028 γαρ

267 3029 437 3105 νόμος
475 3031 603 3090 τότε
644 3030 764 3110 εἶχε
795 3029 939 3088 οὕτω
978 3036 1131 3089 τοῖσι
1162 3031 1533 3108 Ἀθηναίοισι,
1568 3034 1670 3096 τόν
1703 3034 1871 3095 πολέ·

264 3139 486 3195 μαρχον
517 3119 662 3195 ἔχειν
699 3117 861 3192 κέρας
893 3116 960 3176 τό
993 3116 1191 3185 δεξιόν·
1244 3119 1553 3200 ἡγεομένου
1586 3122 1645 3180 δὲ
1674 3123 1873 3183 τούτου

269 3200 580 3268 ἐξεδέκοντο
617 3230 689 3268 ως
719 3202 1055 3281 αριθμεοντο
1091 3232 1148 3265 αι
1186 3209 1425 3282 φυλαὶ’
1399 3210 1660 3288 εχόμεναι
1695 3209 1870 3285 αλλη-

49 3325 169 3369 -μ
