2100 3409
317 61 413 110 258
930 56 1297 108 ἮΡοΔοωοτ
1738 54 1922 120 [vm.

316 139 382 200 τό
411 135 675 216 δράμημα
691 137 802 198 τῶν
831 134 1014 196 ἵππων
1040 137 1311 195 καλέουσι
1337 134 1567 212 Πέρσαι
1592 133 1922 217 ἆγγαρήῖον.

224 230 299 290 99
318 226 393 287 H
422 227 527 304 μὲν
562 225 631 301 δὴ
667 225 859 302 πρώτη
893 228 948 287 ἐς
987 224 1185 287 Σοῦσα
1219 222 1455 304 ἀγγελίη
1491 221 1923 301 ἀπικομένηζως

322 317 443 396 ἔχοι
480 313 721 390 Ἀθήνας
760 313 985 389 Ξέρξης,
1037 313 1232 390 ἔτερψε
1272 311 1412 370 οὕτω
1453 311 1523 387 δή
1562 337 1621 371 τι
1662 315 1921 389 Περσέων

318 404 448 466 τούς
472 401 932 476 ὑπολειφθέντας,
963 400 1034 463 ὦς
1059 398 1160 462 τοῖς
1184 425 1247 459 τε
1273 398 1434 462 ὁδούς
1467 399 1717 478 μυρσίνῃ
1742 401 1922 465 πάσας

322 490 631 568 ἐστόρεσαν
673 488 767 547 καὶ
800 487 1036 565 ἐθυμίων
1071 486 1410 564 θυμιήματα,
1450 486 1544 544 καὶ
1582 486 1744 546 αὐτοὶ
1783 487 1920 563 ἦσαν

323 584 381 639 ἐν
426 577 662 655 θυσίῃσί
696 601 758 636 τε
803 576 894 634 καὶ
941 573 1258 654 εὖπαθίῃσι·
1328 573 1365 650 ἦ
1422 573 1481 632 δὲ
1536 573 1767 651 δευτέρη
1820 582 1920 651 σφι

320 665 557 747 ἀγγελίη
623 664 1003 734 ἐπεξελθοῦσα
1065 664 1295 742 συνέχεε
1364 661 1522 731 οὕτω,
1593 661 1744 722 ὥστε
1803 689 1921 727 τους

323 755 556 817 κιθῶνας
596 751 996 837 κατερρήξαντο
1047 749 1265 820 πάντες,
1313 750 1431 829 βοῇ
1470 774 1533 809 τε
1576 748 1672 809 καὶ
1715 753 1919 833 οἰμωγῇ

326 841 592 920 ἐχρέωντο
619 839 860 919 ἅπλέτω,
889 837 1263 915 Μαρδόνιον’
1237 864 1295 897 εν
1323 837 1470 916 αἰτίῃ
1495 836 1760 900 τιθέντες.
1830 865 1919 897 ουκ

330 955 471 989 ουτω
507 928 567 987 δὲ
598 928 727 1006 περὶ
761 931 870 988 τῶν
902 929 1045 1003 νηῶν
1083 925 1386 1006 αχθόμενοι
1410 928 1589 985 ταῦτα
1614 927 1671 984 οἶ
1707 927 1921 1003 Πέρσαι

330 1017 564 1086 ἐποίευν,
595 1014 666 1079 ὦς
690 1015 819 1092 περὶ
845 1013 991 1093 αὐτῷ
1016 1013 1197 1092 Ξέρξῃ
1219 1013 1605 1091 δειμαίνοντες.
1688 1013 1783 1077 καὶ
1805 1014 1921 1090 περὶ

328 1105 559 1182 Πέρσας
610 1105 713 1181 μὲν
752 1101 823 1180 ἦν
864 1106 1039 1163 ταῦτα
1085 1101 1184 1162 τὰν
1230 1100 1413 1162 πάντα
1464 1099 1678 1177 μεταξῦ
1728 1102 1921 1182 χρόνον

325 1191 637 1274 γενόμενον,
667 1191 836 1271 μέχρι
863 1188 928 1251 οὗ
955 1190 1169 1266 Ξέρξης
1195 1187 1361 1252 αὐτός
1386 1194 1571 1264 σφεας
1597 1186 1923 1267 ἀπικόμενος

326 1281 551 1340 ἔπαυσε.

233 1368 348 1427 ῙΟΟ
454 1366 769 1443 Μαρδόνιος
823 1366 881 1424 δὲ
940 1365 1110 1443 ὁρέων
1177 1367 1280 1441 μὲν
1348 1363 1563 1442 Ξέρξην
1625 1364 1925 1443 συμφορὴν

324 1453 580 1533 μεγάλην
622 1458 681 1510 ἐκ
731 1455 832 1527 τῆς
874 1453 1181 1531 ναυμαχίης
1220 1451 1561 1529 ποιεύμενον,
1605 1451 1924 1513 ὑποπτεύων

332 1541 392 1600 δὲ
418 1539 585 1600 αὐτὸν
613 1540 865 1617 δρησμὸν
890 1539 1240 1616 βουλεύειν’
1215 1565 1276 1599 εκ
1301 1566 1413 1599 των
1437 1538 1737 1615 Ἀθηνέων,
1763 1547 1925 1617 φρον-

325 1628 487 1692 τίσας
512 1627 655 1706 πρός
683 1626 883 1687 ἐωυτόν
921 1625 992 1690 αἷς
1023 1627 1192 1687 δώσει
1217 1627 1374 1703 δίκην
1401 1626 1735 1707 ἅναγνῶσας
1758 1628 1924 1702 βασι·

326 1717 432 1775 λέα
468 1715 874 1793 στρατεύεσθαι
910 1716 1002 1774 ἐπὶ
1026 1714 1132 1790 τήν
1156 1714 1427 1783 Ἑλλάδα,
1464 1714 1562 1773 καί
1593 1717 1649 1775 οἱ
1687 1715 1925 1792 κρέσσον

327 1805 411 1880 εἴη
443 1802 894 1864 ἀνακινδυνεῦσαι
921 1801 957 1877 ἢ
983 1801 1443 1883 κατεργάσασθαι
1467 1800 1573 1877 τήν
1596 1800 1868 1873 Ἑλλάδα,
1891 1801 1928 1878 ἦ

331 1891 498 1952 αὐτὸν
544 1895 723 1955 καλῶς
768 1894 1103 1966 τελευτῆσαι
1150 1889 1251 1949 τόν
1303 1890 1456 1966 βίον
1482 1889 1623 1966 ὑπὲρ
1671 1890 1926 1971 μεγάλων

328 1980 681 2057 αἰωρηθέντα·
725 1979 900 2038 πλέον
929 1978 1121 2055 μέντοι
1156 1978 1320 2054 ἔφερέ
1355 1981 1410 2039 οἱ
1441 1977 1478 2054 ἦ
1509 1976 1709 2058 γνώμη
1745 2004 1925 2055 κατερ·

325 2067 538 2148 γάσθαι
569 2067 674 2143 τήν
712 2065 986 2126 Ἑλλάδα·
1028 2065 1408 2146 λογισάμενος
1435 2064 1509 2124 ιιίν
1532 2069 1730 2135 ταῦτα,
1756 2091 1924 2142 προσ-

333 2157 498 2233 έφερε
549 2154 647 2214 τόν
700 2155 873 2234 λόγον
926 2153 1104 2214 τόνδε·
1170 2162 1205 2187 “
1223 2151 1489 2223 δέσποτα,
1539 2151 1686 2229 μήτε
1737 2153 1924 2223 λυπέο,

324 2241 469 2318 μήτε
536 2241 852 2345 συμφορήν
901 2241 1177 2318 μηδεμίαν
1244 2240 1498 2320 μεγάλην
1559 2244 1724 2300 ποιεῦ
1774 2241 1926 2301 τοῦδε

328 2333 429 2388 τοῦ
481 2326 776 2408 γεγονότος
819 2329 1018 2388 εἵνεκεν
1065 2327 1434 2440 πρήγματος·
1476 2327 1542 2387 οὗ
1594 2328 1708 2408 γοῖρ
1753 2329 1925 2398 ξύλων

327 2441 477 2495 αγων
530 2414 561 2474 ὁ
614 2414 679 2474 τὸ
734 2418 847 2473 πᾶν
900 2416 1086 2492 φέρων
1151 2416 1273 2476 ἐστὶ
1326 2414 1477 2493 ημῖν,
1533 2415 1666 2489 ἀλλ’
1722 2415 1923 2494 οἷνδρόν

327 2529 390 2563 τε
432 2506 522 2562 καὶ
568 2504 764 2562 ἵππων·
806 2505 904 2563 σοὶ
945 2503 1004 2562 δὲ
1046 2531 1174 2564 ουτε
1211 2529 1295 2567 τις
1328 2502 1538 2565 τούτων
1571 2508 1684 2565 τῶν
1717 2505 1787 2566 vd
1821 2507 1924 2564 πᾶν

329 2597 440 2666 σφι
482 2590 588 2668 ἤδη
632 2591 928 2652 δοκεόντων
977 2591 1360 2672 κατεργάσθαι
1402 2590 1630 2667 ἅποβας
1670 2592 1786 2653 ava-6
1824 2595 1923 2653 τῶν

330 2703 463 2738 νεων
501 2670 828 2755 πειρήσεται
880 2678 1229 2754 ἀντιωθῆναι,
1278 2677 1390 2739 ουτ’
1435 2684 1494 2738 ἐκ
1548 2684 1648 2755 τῆς
1701 2679 1924 2757 ήπεζοου

330 2765 524 2840 τῆσδε·
567 2766 626 2822 οἴ
646 2791 708 2824 τε
733 2765 867 2841 ημῖν
893 2766 1263 2842 ἠντιώθησαν,
1295 2766 1495 2826 ἔδοσαν
1522 2766 1690 2829 δίκας.
1758 2771 1808 2827 εἰ
1827 2765 1924 2843 μέν

327 2878 424 2913 νυν
469 2852 659 2922 δοκέει,
708 2851 903 2911 αὐτίκα
950 2853 1267 2931 πειρώμεθα
1314 2858 1415 2928 τῆς
1464 2854 1924 2930 Πελοποννήσου·

330 2945 377 2999 εἶ
414 2940 472 2999 δὲ
500 2939 591 2998 καὶ
617 2938 795 2996 δοκέει
820 2944 1090 3019 ἐπισχεῖν,
1121 2942 1354 3019 παρέχει
1379 2943 1587 3001 ποιέειν
1614 2947 1815 3002 ταῦτα·
1851 2943 1927 3019 μὴ

331 3027 390 3085 δὲ
421 3026 705 3102 δυσθύμει·
757 3024 821 3083 οὗ
857 3025 964 3105 γάρ
1002 3032 1125 3086 ε’στι
1151 3028 1407 3104 ’Έλλησι
1450 3028 1680 3105 οὐδεμία
1718 3030 1929 3092 ἔκδυσις

330 3113 411 3188 μὴ
432 3113 496 3174 ού
517 3113 711 3174 δόντας
732 3110 908 3191 λόγον
925 3117 1035 3172 τῶν
1059 3117 1331 3191 ἐποίησαν
1350 3120 1447 3176 νῦν
1465 3141 1527 3176 τε
1547 3117 1642 3175 καὶ
1659 3115 1932 3194 πρότερον

331 3199 470 3260 εἶναι
496 3199 632 3263 σούς
652 3197 902 3262 δούλους.
941 3197 1199 3276 μάλιστα
1218 3201 1323 3279 μέν
1348 3227 1444 3264 νυν
1467 3206 1645 3265 ταῦτα
1668 3203 1846 3267 ποίεε·
1885 3204 1938 3267 d
