2100 3409
332 69 420 115 184
951 63 1313 133 'HPqumo'r
1776 61 1933 124 [vn.

325 172 437 224 μου
460 144 658 205 τούτου
686 143 811 205 οὐδὲ
840 141 1290 220 προσδεκόμενον
1319 141 1491 203 κακόν
1518 140 1675 202 οὐδὲν
1703 142 1933 202 πείσεσ-

329 235 438 304 θαι,
467 232 691 314 οἷγαγῶν
718 233 810 290 καὶ
836 231 1063 292 τούτους
1090 235 1144 289 ἐς
1170 229 1269 291 τοὶς
1303 228 1665 306 Συρηκούσας
1691 227 1933 287 ἀπέδοτο

329 320 412 381 ἐπ’
441 322 691 402 ἐξαγωγῇ
725 326 784 379 ἐκ
822 318 1096 393 Σικελίης.
1181 315 1356 376 τῶυτό
1394 316 1453 374 δὲ
1490 319 1658 375 τοῦτο
1698 317 1794 375 καὶ
1827 315 1927 375 Εὖ-

325 411 499 486 βοέας
524 408 653 471 τούς
687 412 745 466 ἐν
777 407 1005 484 Σικελίῃ
1034 407 1284 481 ἐποίησε,
1312 404 1611 480 διακρίνας·
1655 404 1838 463 ἐποίεε
1872 403 1926 461 δὲ

327 501 503 557 ταῦτα
528 495 757 558 τούτους
783 493 1155 570 ἀμφοτέρους,
1173 493 1408 568 νομίσας
1435 491 1615 567 δῆμον
1638 492 1779 550 εἶναι
1804 517 1923 550 συν-

329 584 534 660 οίκημα
560 581 989 661 ἀχαριτώτατον.
1072 579 1302 657 τοιούτῳ
1327 580 1433 655 μὲν
1456 576 1648 656 τρόπῳ
1672 576 1921 654 τύραννος

331 671 579 752 ἐγεγόνεε
604 673 780 751 μέγας
807 669 839 730 ὅ
866 671 1075 728 Γέλων.
1135 697 1141 703 ·

236 761 347 819 157
409 758 549 818 Τότε
581 759 656 828 δὲ,
685 758 755 822 ὦς
787 761 842 818 οἱ
877 756 1112 838 ἄγγελοι
1142 758 1253 816 τῶν
1282 756 1574 832 Ἑλλήνων
1608 757 1843 815 ἀπίκατο
1868 761 1916 818 ἒς

327 847 428 909 τοῖς
473 845 849 923 Συρηκούσας,
894 842 1149 908 ἐλθόντες
1196 843 1345 921 αύτῷ
1385 847 1439 905 ἐς
1486 842 1698 923 λόγους
1737 845 1915 922 ἔλεγον

326 933 475 993 τάδε·
519 944 554 968 “
570 935 823 1012 ἔπεμψαν
847 932 1022 1009 ἡμέας
1050 930 1478 1007 Λακεδαιμόνιοι
1512 932 1605 989 καὶ
1641 934 1697 989 οἱ
1724 929 1914 990 τούτων

327 1020 636 1100 σύμμαχοι,
657 1021 1211 1098 παραλαμψομένους
1239 1044 1308 1077 σε
1327 1019 1468 1094 πρὸς
1490 1043 1593 1077 τον
1611 1017 1911 1095 βάρβαρον·

328 1109 426 1168 τόν
454 1135 564 1190 γαρ
602 1109 827 1169 ἐπιόντα
861 1109 953 1167 ἐπὶ
991 1109 1092 1183 τήν
1135 1105 1388 1164 Ελλάδα
1419 1104 1637 1168 πάντως
1672 1133 1770 1169 κου
1799 1132 1914 1165 πυν·

329 1196 536 1257 θάνεαι·
571 1197 657 1257 ὅτι
684 1198 916 1273 Πέρσης
943 1195 1084 1272 ανῆρ
1106 1197 1328 1273 μέλλει,
1348 1192 1539 1264 ζεύξας
1564 1220 1668 1253 τον
1683 1193 1913 1268 Ἑλλήσ-

326 1310 532 1345 ποντον
560 1286 651 1343 καὶ
687 1285 905 1365 ἐπάγων
937 1283 1122 1343 πάντα
1152 1283 1250 1373 τὸν
1282 1280 1427 1360 ἠῷον
1457 1307 1706 1358 στρατον
1737 1288 1797 1341 ἐκ
1828 1285 1914 1356 τῆς

326 1370 539 1446 Ἀσίης,
563 1372 1105 1483 στρατηλατήσειν’
1081 1373 1171 1431 επὶ
1195 1369 1298 1447 τὴν
1324 1369 1596 1440 Ελλάδα,
1621 1368 1916 1446 πρόσχημα

324 1461 430 1534 μὲν
468 1458 791 1534 ποιεύμενος
833 1485 903 1521 ως
945 1458 1028 1517 ἐπ’
1063 1457 1304 1534 Ἀθήνας
1346 1455 1581 1527 ἐλαύνει,
1625 1462 1684 1516 ἐν
1724 1457 1828 1535 νόω
1862 1456 1914 1513 δὲ

328 1547 467 1624 ἔχων
492 1571 684 1606 πασαν
703 1545 806 1621 τὴν
830 1544 1137 1605 Ελλάδα“
1105 1547 1195 1606 υπ’
1219 1548 1398 1624 ἐῳυτῷ
1422 1542 1796 1620 ποιήσασθαι.
1846 1569 1913 1603 συ

329 1634 389 1692 δὲ
432 1632 690 1711 δυνάμιός
734 1659 796 1694 τε
841 1635 990 1710 ἥκεις
1036 1634 1306 1715 μεγάλης,
1349 1634 1440 1692 καὶ
1484 1633 1660 1710 μοῖρά
1704 1659 1793 1693 τοι
1824 1636 1912 1708 τῆς

327 1721 603 1786 Ἑλλάδος
638 1721 738 1783 οὐκ
776 1725 1053 1802 ἐλαχίστη
1088 1724 1247 1799 μέτα,
1281 1720 1518 1801 ἄρχοντί
1545 1745 1616 1802 γε
1655 1721 1909 1797 Σικελίης·

326 1810 526 1887 βοήθει
551 1837 614 1871 τε
645 1815 796 1872 τοῖσι
825 1812 1181 1888 ἐλευθεροῦσι
1219 1835 1323 1885 την
1346 1808 1619 1879 Ἑλλάδα,
1651 1811 1742 1868 καὶ
1773 1834 1907 1868 συνε-

324 1900 610 1977 λευθέρου.
694 1899 837 1974 αλής
873 1901 976 1976 μὲν
1011 1899 1120 1979 γὰρ
1151 1898 1415 1978 γινομένη
1446 1901 1608 1956 πᾶσα
1652 1897 1691 1972 ἦ
1721 1895 1909 1958 Ἑλλὰς

327 1986 474 2065 χεὶρ
502 1988 725 2069 μεγάλη
780 1985 1098 2067 συνάγεται,
1156 1986 1247 2044 καὶ
1310 1978 1610 2063 ἀξιόμαχοι
1663 1983 1907 2065 γινόμεθα

326 2078 476 2134 τοῖσι
511 2080 650 2135 ἐπιο
640 2079 750 2133 Ἴσι·
792 2074 861 2150 ἢν
889 2074 947 2133 δὲ
977 2074 1162 2151 ἡμέων
1190 2076 1245 2132 οἶ
1274 2075 1377 2151 μὲν
1406 2071 1841 2149 καταπροδιδῶσι
1862 2073 1908 2129 οἱ

327 2162 387 2221 δὲ
412 2162 491 2237 μὴ
515 2163 724 2222 θέλωσι
758 2164 1050 2239 Ἶμωρέειν,
1072 2163 1139 2221 τό
1169 2163 1228 2221 δὲ
1256 2161 1505 2242 ὗγιαῖνον
1530 2164 1634 2236 τῆς
1657 2158 1906 2221 “Ελλάδος

326 2247 365 2327 ᾖ
390 2246 602 2328 ὀλίγον,
629 2253 796 2308 τοῦτο
824 2249 881 2308 δὲ
915 2250 1020 2326 ἤδη
1047 2250 1223 2310 δεινὸν
1248 2251 1460 2330 γίνεται
1486 2248 1569 2325 μὴ
1594 2249 1746 2327 πέσῃ
1766 2250 1906 2307 πᾶσα

324 2334 364 2410 ἦ
389 2334 617 2398 Ἑλλάς.
680 2339 758 2415 μὴ
783 2363 892 2418 γαρ
916 2337 1224 2418 ἐλπίσῃς,
1190 2365 1259 2414 ην
1278 2338 1453 2414 ἡμέας
1479 2336 1906 2447 καταστρέψηται

327 2420 361 2482 ὅ
393 2422 623 2498 Πέρσης
655 2424 810 2502 μάχῃ
840 2426 1140 2502 κρατήσας,
1171 2426 1240 2488 ὥς
1269 2426 1392 2484 οὐκὶ
1416 2426 1536 2501 ἥξει
1564 2450 1719 2502 παρα
1747 2422 1812 2482 σέ
1829 2446 1904 2502 γε·

327 2507 483 2568 ἀλλα
513 2535 624 2587 προ
656 2511 855 2570 τούτου
891 2513 1160 2588 φύλαξαι·
1202 2513 1460 2588 βοηθέων
1492 2538 1606 2592 γαρ
1631 2510 1764 2588 ἡμῖν
1789 2535 1904 2577 σεω-

326 2601 436 2675 υτῷ
486 2600 782 2712 τιμωρέεις·
853 2604 929 2679 τῷ
984 2600 1043 2660 δὲ
1100 2627 1159 2660 ευ
1217 2600 1584 2677 βουλευθέντι
1646 2598 1905 2678 πρήγματι

324 2687 557 2760 τελευτὴ
595 2714 666 2751 ως
704 2714 770 2747 το
809 2689 1011 2748 ἐπίπαν
1046 2690 1272 2767 χρηστὴ
1311 2689 1492 2755 ἐθέλει
1533 2682 1903 2768 ἐπιγίνεσθαιῖ

236 2773 350 2830 158
369 2776 443 2830 Οἱ
487 2775 592 2848 μὲν
635 2777 811 2833 ταῦτα
853 2777 1064 2857 ἔλεγον·
1108 2776 1299 2836 Γελων
1340 2776 1400 2835 δὲ
1440 2775 1662 2839 πολλὸς
1701 2775 1906 2834 ἐνέκειτο

323 2859 505 2940 λέγων
561 2859 765 2920 τοιάδε·
837 2873 872 2898 “
888 2861 1077 2939 ἄνδρες
1131 2863 1429 2940 Ἕλληνες,
1486 2863 1662 2945 λόγον
1700 2864 1905 2942 ,ἔχοντες

326 2947 666 3023 πλεονέκτην
691 2947 1043 3022 ἐτολμήσατε
1076 2953 1174 3029 ἐμὲ
1204 2950 1510 3032 σύμμαχον
1543 2951 1636 3011 ἐπὶ
1666 2951 1762 3011 τὰν
1781 2948 1905 3027 βάρ-

326 3035 510 3114 βαρον
526 3033 973 3113 παρακαλέοντες
998 3038 1202 3099 ἐλθεῖν·
1229 3038 1391 3101 αὐτοὶ
1411 3041 1487 3110 δὲ,
1510 3043 1643 3116 ἐμεῦ
1663 3036 1906 3114 πρότερον

329 3120 615 3198 δεηθέντος
660 3123 1020 3200 βαρβαρικοῦ
1068 3131 1315 3204 στρατοῦ
1364 3124 1792 3203 συνεπάψασθαι
1823 3123 1906 3184 ὅτε

335 3234 433 3282 μοι
469 3212 610 3289 πρὸς
655 3209 1074 3288 Καρχηδονίους
1119 3219 1294 3275 νεῖκος
1341 3218 1612 3288 συνῆπτο,
1656 3211 1905 3286 ἐπισκήπ·
