2100 3409
257 46 487 119 σει-75]
924 56 1301 107 mumma,
1775 62 1863 110 ιω

253 136 435 196 Ἰνδοὶ
463 135 803 216 ἐσεσάχατο,
829 136 1251 215 προμετωπίδια
1287 136 1349 198 δὲ
1377 136 1573 199 ἵππω
1599 136 1754 218 εἶχον
1778 139 1874 199 ἐπὶ

252 227 401 302 τῇσι
427 225 719 302 κεφαλῇσι
743 222 852 284 σύν
874 250 938 284 τε
962 228 1118 284 τοῖσι
1142 222 1252 284 ῶσὶ
1276 223 1643 301 ἐκδεδαρμένα
1667 227 1760 285 καὶ
1798 230 1871 306 τῇ

255 315 468 391 λοφιῇ·
509 312 604 370 καὶ
628 309 752 371 ἀντὶ
776 314 880 389 μὲν
905 311 1161 388 λόφου“
1121 338 1161 388 η
1187 311 1369 388 λοφιη
1396 314 1660 391 κατέχρα·
1700 339 1774 373 τα
1813 315 1874 374 δέ

257 400 378 460 ὦτα
411 402 524 461 τῶν
566 399 748 460 ἵππων
783 398 926 476 ὀρθοὶ
949 399 1244 482 πεπηγότα
1272 400 1444 480 εἶχον·
1485 400 1872 477 προβλήματα

255 489 323 548 δὲ
359 479 479 547 ἄντ’
505 485 760 548 ασπίδων
801 491 1089 578 ἐποιεῦντο
1112 487 1359 568 γεράνων
1386 487 1573 566 δοράς
1655 489 1866 564 Λίβυες
1886 491 1959 551 71

255 576 321 635 δε
364 574 576 650 σκευὴν
614 577 720 651 μὲν
762 572 1027 651 σκυτίνην
1068 573 1244 651 ἦῖσαν
1284 576 1520 655 ἔχοντες,
1557 574 1868 638 ἀκοντίοισι

255 665 321 724 δὲ
369 663 723 723 ἐπικαύτοισι
769 662 1095 740 χρεώμενοι·
1142 688 1391 741 αρχοντα
1429 663 1490 722 δὲ
1535 664 1869 744 παρείχοντο
1913 669 1926 678 “

256 750 599 831 Μασσάγην
637 749 738 810 τᾶν
778 749 1059 831 Ὀαρίζου.
1144 749 1525 831 Παφλαγόνες
1566 752 1625 811 δὲ
1668 757 1866 829 ἐστρα-
1883 752 1965 814 72

255 838 493 898 τεύοντο
530 839 624 896 ἐπὶ
662 839 766 912 μὲν
805 842 941 915 τῇσι
982 840 1276 915 κεφαλῇσι
1306 837 1523 917 ἔχοντες
1549 839 1751 916 κράνεα
1775 866 1869 900 πε-

256 925 570 1006 πλεγμένα,
598 923 843 988 α’σπίδας
879 925 938 983 δὲ
974 926 1235 1001 σμικρὰς.
1262 925 1470 1005 αἰχμὰς
1494 925 1555 985 δὲ
1593 925 1659 987 ού
1697 927 1868 1008 μεγά-

258 1017 388 1076 λας·
430 1012 574 1089 πρὸς
608 1013 684 1081 δέ,
714 1010 941 1072 ακόντια
983 1011 1077 1071 καὶ
1119 1012 1438 1092 ἐγχειρίδια·
1479 1014 1607 1090 περὶ
1642 1015 1702 1074 δὲ
1740 1042 1868 1080 τους

258 1099 455 1170 πόδας,
496 1099 704 1160 πέδιλα
753 1098 1022 1178 ἐπιχωρια
1071 1104 1127 1161 ἐς
1170 1100 1353 1176 μέσην
1400 1100 1613 1178 κνήμην
1659 1102 1868 1162 ἀνατεί-

258 1207 450 1248 νοντα.
532 1187 740 1268 Λίγυες
764 1187 826 1247 δε
852 1188 947 1246 καὶ
973 1187 1254 1262 Ματιηνοὶ
1279 1188 1373 1247 καὶ
1398 1189 1780 1264 Μαριανδυνοί
1799 1216 1863 1250 τε

259 1275 357 1334 καὶ
383 1276 556 1352 Σύροι
591 1274 698 1350 τήν
736 1273 912 1350 αὐτὴν
942 1275 1165 1353 ἔχοντες
1191 1274 1603 1355 Παφλαγόσι’
1576 1277 1863 1353 εστρατεύ-

258 1387 413 1423 οντο·
455 1388 515 1423 οι
550 1362 613 1422 δὲ
638 1361 808 1439 Σύροι
846 1359 1003 1422 οὗτοι
1042 1360 1156 1422 ύπο
1191 1363 1459 1440 Περσέων
1486 1364 1865 1425 Καππαδόκαι

261 1451 582 1511 καλέονται·
622 1449 1024 1530 Παφλαγόνων
1047 1450 1154 1527 μέν
1179 1476 1275 1511 νυν
1302 1452 1395 1511 καὶ
1422 1456 1722 1529 Ματιηνῶν
1743 1457 1863 1513 Δῶ-

257 1563 359 1600 τος
388 1538 425 1597 ὁ
463 1535 908 1618 Μεγασίδρου’
869 1562 1031 1617 ηρχε·
1075 1539 1475 1615 Μαριανδυνῶν
1522 1540 1582 1600 δὲ
1629 1541 1721 1600 καὶ
1765 1548 1864 1600 Λι-

255 1625 411 1703 γύων
446 1627 540 1685 καὶ
573 1624 762 1702 Σύρων
796 1624 1069 1702 Γωβρύης
1110 1625 1142 1686 ὁ
1171 1627 1411 1703 Δαρείου
1446 1652 1509 1686 τε
1550 1628 1641 1686 καὶ
1671 1627 1863 1704 Ἀρτυ-

260 1712 500 1788 στώνης.
582 1712 797 1793 Φρύγες
836 1712 897 1771 δὲ
939 1710 1235 1793 ἀγχοτάτω
1274 1717 1375 1788 τῆς
1416 1718 1861 1793 Παφλαγονικῆς
1881 1714 1960 1776 73

256 1801 473 1876 σκευὴν
494 1800 669 1879 εἶχον,
685 1799 883 1882 ὀλίγον
907 1798 1435 1879 παραλλάσσοντες·
1466 1803 1519 1859 οἱ
1546 1800 1862 1881 δὲΑΦρύγες,

259 1886 336 1950 ὥς
382 1887 705 1952 Μακεδόνες
753 1890 1006 1968 λέγουσι,
1061 1887 1357 1949 ἐκαλέοντο
1411 1887 1610 1968 Βρίγες
1661 1888 1866 1965 χρόνον

260 1973 407 2035 ὅσον
450 1974 770 2052 Εὗροητήῖοι
823 1974 1004 2038 ἐόντες
1055 1974 1305 2035 σύνοικοι
1355 1973 1504 2050 ἦσαν
1549 1975 1863 2035 Μακεδόσι·

258 2063 613 2140 μεταβάντες
648 2064 711 2122 δὲ
748 2068 804 2126 ἐς
839 2062 947 2138 τήν
984 2062 1203 2139 Ἀσίην,
1230 2060 1350 2139 ἅμα
1374 2066 1446 2140 τῇ
1470 2062 1624 2142 χώρῃ
1666 2063 1762 2122 καὶ
1796 2063 1863 2124 τὰ

260 2150 479 2227 οὕνομα
511 2150 833 2235 μετέβαλον
869 2156 925 2213 ἐς
957 2150 1195 2231 Φρύγας.
1278 2148 1559 2228 Ἀρμένιοι
1599 2151 1659 2211 δὲ
1698 2151 1860 2212 κατά-

261 2262 371 2315 περ
391 2237 605 2318 Φρύγες
624 2237 961 2316 ἐσεσάχατο,
990 2237 1172 2301 ἐόντες
1185 2242 1416 2319 Φρυγῶν
1442 2238 1682 2304 ἄποικοι.
1734 2240 1861 2302 τού-

261 2349 375 2384 των
415 2327 855 2402 συναμφοτέρων
894 2324 1034 2404 ἦρχε
1076 2324 1407 2404 Ἀρτόχμης,
1443 2330 1683 2404 Δαρείου
1726 2329 1865 2407 ἔχων

248 2412 564 2493 θυγατέρα.
646 2412 820 2471 Λυδοὶ
855 2412 914 2472 δὲ
954 2412 1250 2493 ἀγχοτάτω
1272 2418 1382 2476 τῶν
1404 2414 1750 2492 Ἑλληνικῶν
1791 2416 1860 2475 εἶ-
1880 2417 1957 2476 74

261 2523 372 2578 χον
406 2499 580 2560 ὅπλα·
620 2500 700 2581 (οἱ
741 2500 799 2559 δὲ
824 2500 998 2560 Λυδοὶ
1035 2500 1278 2576 Μηίονες
1319 2506 1617 2563 ἐκαλεῦντο
1651 2503 1719 2563 τὸ
1758 2502 1863 2563 πά-

261 2591 383 2645 λαι·
425 2589 520 2646 ἐπὶ
546 2587 606 2647 δὲ
631 2587 817 2647 Λυδοῦ
839 2591 941 2647 τοῦ
972 2587 1178 2651 Ἄτυος
1204 2588 1376 2666 ἔσχον
1405 2589 1509 2664 τήν
1534 2591 1860 2667 ἐπωνυμίην,

260 2674 687 2750 μεταβαλόντες
726 2676 795 2735 τὰ
831 2674 1082 2754 οὔνομα·)
1125 2676 1322 2736 Μυσοὶ
1363 2676 1423 2734 δὲ
1456 2677 1549 2736 ἐπὶ
1582 2679 1687 2755 μὲν
1724 2682 1862 2758 τῆσι

260 2765 560 2840 κεφαλῇσι
597 2762 751 2841 εἶχον
790 2761 991 2839 κράνεα
1033 2760 1320 2841 ἐπιχώρια,
1350 2761 1594 2830 οἷσπῶας
1632 2767 1693 2825 δὲ
1732 2790 1861 2841 σμι-

261 2850 435 2927 κράς··
465 2849 775 2909 ἀκοντίοισι
800 2850 860 2908 δὲ
887 2850 1157 2928 ἐχρέωντο
1182 2849 1547 2914 ἐπικαύτοισι·
1587 2852 1767 2932 (οὗτοι
1803 2854 1866 2913 δέ

260 2943 380 2997 εἶσι
406 2937 603 2997 Λυδῶν
642 2936 883 2997 ἄποικοι·
923 2936 1018 2996 ἀπ’
1048 2936 1362 3015 Οὐλύμπου
1392 2940 1451 2999 δὲ
1487 2940 1677 3016 οὔρεος
1702 2941 1861 2998 καλέ-

260 3051 426 3087 ονται
442 3025 874 3105 Οὖλυμπιηνοί·)
900 3026 1096 3086 Λυδῶν
1122 3026 1183 3085 δε
1209 3027 1301 3085 καὶ
1328 3024 1605 3086 Μυσῶν’
1569 3049 1708 3100 ηρχε
1734 3024 1861 3100 Ἀρ-

259 3114 605 3191 ταφέρνης“
573 3141 606 3174 ο
630 3113 1053 3191 Ἀρταφέρνεος,
1081 3112 1143 3177 ὂς
1171 3119 1224 3175 ἐς
1250 3114 1571 3189 Μαραθῶνα
1612 3111 1861 3185 ἐσέβαλε

2053 3063 2056 3152 1

264 3197 395 3277 ἅμα
414 3200 578 3263 Δάτι.
635 3200 870 3279 Θρήῐκες
895 3199 971 3272 δὲ,
1000 3200 1096 3260 ἐπὶ
1116 3202 1220 3277 μὲν
1246 3202 1388 3275 τῇσι
1408 3198 1694 3274 κεφαλῇσι
1718 3194 1861 3256 αλω-
1878 3169 2055 3377 75)
