2100 3409
290 57 354 110 70
897 57 1264 108 ·m>0Ao·.1·o‘r
1414 75 1419 80 ·
1695 71 1704 80 ·
1764 57 1896 123 [VJ.

291 137 384 196 καὶ
423 137 640 197 ἐποίευν
678 136 803 197 ἀντὶ
839 135 978 197 εἶναι
1009 136 1264 217 ἐνόρχιας
1289 133 1599 216 εὐνούχους,
1627 135 1724 196 καὶ
1749 163 1899 215 παρ-

289 225 481 287 θένους
503 224 602 288 τοὶς
629 222 1115 287 καλλιστευούσας
1146 222 1549 288 ἀνασπάστους
1586 225 1745 301 παρὰ
1782 227 1899 301 βα-

286 313 474 373 σιλέα·
516 312 692 372 ταῦτά
724 336 788 372 τε
824 310 895 387 δή
937 312 1156 371 ἐποίευν
1183 311 1276 370 καὶ
1300 310 1403 374 τᾶς
1426 310 1632 375 πόλιας
1672 315 1897 391 ἐνεπίμ-

292 424 522 476 πρασαν
564 398 788 458 αὐτοῖσι
828 402 982 459 τοῖσι
1026 401 1219 476 ἱροῖσι.
1301 397 1443 459 οὕτω
1490 399 1551 458 δὲ
1589 399 1658 461 τὰ
1702 403 1899 482 τρίτον

279 486 465 551 ’Ίωνες
490 485 1005 563 κατεδουλώθησαν,
1033 489 1257 563 πρῶτον
1289 488 1395 563 μὲν
1429 486 1542 548 ὑπὸ
1567 487 1781 559 Λυδῶν,
1846 490 1898 554 ὶς

289 577 347 635 δὲ
388 575 586 652 ἐπεξῆς
623 573 753 636 τότε
791 574 901 635 ῧπό
943 575 1232 652 Περσέων.

193 665 270 724 33
370 663 528 730 ’An-13,
544 663 604 723 δὲ
618 661 827 741 Ἰωνίης
840 662 1360 738 ἀπαλλασσόμενος
1387 660 1420 721 ὅ
1447 660 1702 726 ναυτικὸς
1718 690 1895 742 στρα-

287 750 385 814 τός
420 751 493 811 τσῖ
534 750 618 811 ἐπ’
660 749 929 828 άριστεροὶ
970 750 1272 810 ἐσπλέοντι
1312 753 1413 809 τοῦ
1452 748 1896 825 Ἑλλησπόντου

288 840 439 916 αἵρεε
463 838 664 900 πάντα·
704 839 776 898 τοὶ
800 838 910 919 γὰρ
953 838 1044 897 ἐπὶ
1085 836 1236 907 δεξιοὶ
1266 836 1488 897 αὐτοῖσι
1514 836 1715 919 [τοῖσι]
1743 841 1895 917 Πέρ-

289 953 432 1006 σῃσι
469 926 763 1005 ὑποχείρια
794 924 865 1002 ἦν
889 924 1163 1007 γεγονότα
1204 923 1596 1002 κατ’·ἤπειρον.
1680 928 1795 986 εἰσὶ
1830 929 1895 988 δὲ

289 1020 347 1075 ἐν
370 1019 443 1094 τῇ
467 1013 708 1092 Εὐρώπῃ
746 1014 864 1073 αἵδε
898 1017 998 1075 τοῦ
1022 1012 1478 1089 Ἑλλησπόντου·
1520 1014 1894 1091 Χερσόνησός

288 1127 351 1163 τε
377 1108 436 1165 ἐν
459 1106 532 1182 τῇ
556 1102 751 1165 πόλιες
789 1102 996 1181 συχναὶ
1033 1102 1220 1175 ἔνεισι,
1251 1101 1344 1159 καὶ
1372 1101 1660 1178 Πέρινθος,
1693 1104 1785 1161 καὶ
1817 1104 1891 1163 τοὶ

288 1191 478 1270 τείχεα
507 1189 579 1250 τσῖ
614 1190 705 1250 ἐπὶ
730 1190 986 1266 Θρηΐκης,
1017 1187 1110 1247 καὶ
1138 1187 1436 1265 Σηλυβρίη
1462 1213 1524 1247 τε
1559 1188 1651 1246 καὶ
1680 1181 1890 1260 Βυζάν-

286 1304 424 1338 τιον.
508 1275 800 1350 Βυζάντιοι
836 1278 941 1354 μέν
981 1302 1079 1337 νυν
1120 1276 1213 1335 καὶ
1245 1279 1299 1336 οἶ
1324 1275 1564 1352 πέρηθεν
1594 1278 1893 1354 Χαλκηδό-

272 1391 397 1452 ινιοι
431 1365 543 1425 οὐδ’
567 1365 865 1442 ὑπέμειναν
902 1365 1269 1427 ἐπιπλέοντας
1296 1363 1426 1426 τοῧς
1452 1365 1726 1435 Φοίνικας,
1756 1366 1894 1426 ἀλλ’

292 1454 515 1531 οἴχοντο
555 1451 928 1515 ἀπολιπόντες
956 1452 1063 1528 τήν
1087 1452 1370 1529 σφετέρην
1411 1451 1540 1510 ἔσω
1563 1456 1619 1514 ἐς
1656 1452 1758 1512 τὸν
1783 1454 1895 1513 Εὕ-

291 1540 468 1609 ξεινον
508 1540 731 1600 πόντον·
771 1541 864 1599 καὶ
906 1541 1144 1601 ἐνθαῦτα
1185 1539 1358 1600 πόλιν
1389 1541 1781 1617 Μεσαμβρίην
1813 1542 1892 1601 οἶ-

292 1633 495 1705 κησαν.Ι
575 1632 628 1689 οἱ
671 1629 730 1688 δὲ
772 1629 1020 1692 Φοίνικες
1063 1627 1510 1691 κατακαύσαντες
1549 1627 1756 1691 ταύτας
1791 1630 1897 1693 τοὶς

252 1727 255 1729 ’
290 1717 474 1796 χώρας
513 1716 614 1780 τοῖς
660 1716 1119 1795 καταλεχθείσας,
1163 1715 1469 1792 τράπονται
1511 1715 1608 1774 ἐπί
1641 1742 1705 1775 τε
1738 1723 1895 1795 Προ-

291 1804 563 1882 κόννησον
603 1806 697 1865 καὶ
720 1803 1014 1882 Ἀρτάκην·
1056 1804 1191 1881 πυρὶ
1216 1804 1277 1863 δὲ
1308 1804 1400 1861 καὶ
1430 1803 1634 1866 ταύτας
1675 1806 1895 1882 νείμαν-

289 1919 379 1957 τες
415 1896 630 1954 ἔπλωον
665 1893 819 1956 αὗτις
834 1905 840 1910 ”
855 1897 911 1956 ἐς
949 1891 1053 1968 τὴν
1084 1891 1469 1968 Χερσόνησον,
1500 1892 1896 1970 ἐξαιρήσοντες

287 1981 387 2044 τοὶς
413 1983 734 2044 ἐπιλοίπους
759 1985 869 2040 τῶν
895 1982 1109 2040 πολίων
1135 1979 1277 2042 ὅσας
1303 1980 1575 2057 πρότερον
1605 1982 1895 2060 προσχόν-

289 2094 380 2132 τες
427 2069 490 2128 οὗ
522 2070 859 2143 κατέσυραν.
919 2069 1009 2127 ἐπὶ
1057 2068 1117 2126 δὲ
1166 2067 1409 2137 Κύζικον
1458 2068 1583 2127 οὐδὲ
1627 2069 1895 2129 ἔπλωσαν

291 2156 490 2234 ἀρχήν·
533 2154 690 2214 αὐτοὶ
715 2154 825 2235 γὰρ
854 2156 1155 2230 Κυζικηνοὶ
1181 2157 1260 2214 ἔτι
1283 2156 1554 2233 πρότερον
1579 2161 1682 2215 τοῦ
1707 2159 1895 2217 Φοινί-
1927 2223 1942 2240 ⁸

292 2270 398 2303 κων
442 2244 658 2302 ἔσπλου
703 2242 1035 2323 ἐγεγόνεσαν
1076 2242 1186 2303 ὑπὸ
1229 2245 1488 2319 βασιλέϊ,
1536 2244 1780 2320 Οἰβάρεϊ
1814 2250 1897 2324 τῷ

290 2329 660 2411 Μεγαβάζου
684 2329 1143 2411 ὁμολογήσαντες
1166 2336 1243 2410 τῷ
1271 2337 1327 2390 ἐν
1354 2333 1690 2410 Δασκυλείῳ
1716 2332 1894 2409 ὑπάρ-

288 2445 383 2498 χῳ.
469 2421 570 2494 τῆς
595 2418 655 2477 δὲ
680 2418 1067 2495 Χερσονήσου,
1095 2417 1249 2494 πλὴν
1273 2419 1520 2494 Καρδίης
1545 2420 1765 2490 πόλιος,
1791 2421 1896 2485 τσῖς

290 2506 472 2569 ἄλλας
509 2505 699 2570 πάσας
741 2506 1113 2584 ἐχειρώσαντο
1156 2509 1208 2565 οἱ
1245 2507 1513 2568 Φοίνικες.

197 2596 270 2652 34
368 2593 723 2673 Ἐτυράννευε
770 2593 827 2652 δὲ
939 2594 1078 2653 τέων
1122 2595 1291 2672 μέχρι
1332 2592 1462 2662 τότε
1496 2594 1816 2670 Μιλτιάδης
1859 2596 1895 2656 ὅ

292 2684 547 2758 Κίμωνος
587 2687 688 2741 τοῦ
732 2680 1120 2762 Στησαγόρεω,
1167 2681 1519 2757 κτησαμένου
1564 2681 1669 2757 τήν
1710 2682 1897 2762 ἀρχὴν

292 2770 497 2845 ταύτην
543 2768 817 2846 πρότερον
860 2769 1184 2828 Μιλτιάδεω
1230 2771 1329 2828 τοῦ
1376 2770 1648 2847 Κυψέλου
1700 2769 1894 2851 τρόπῳ

289 2857 498 2937 τοιῷδε·
556 2857 707 2934 εἶχον
755 2855 1042 2936 Δόλογκοι
1089 2857 1321 2933 Θρήϊκες
1366 2857 1470 2934 τὴν
1517 2857 1897 2936 Χερσόνησον

287 2944 513 3021 ταύτην.
588 2942 741 3003 οὗτοι
778 2941 850 3001 ὧν
888 2947 940 3002 οἱ
975 2945 1264 3024 Δόλογκοι
1296 2946 1619 3009 πιεσθέντες
1658 2948 1897 3027 πολέμῳ

288 3031 397 3093 ὖπὸ
423 3031 739 3111 Ἀψινθίων,
769 3035 823 3092 ἐς
850 3032 1116 3107 Δελφούς
1158 3034 1411 3110 ἔπεμψαν
1447 3032 1582 3096 τοῦς
1606 3035 1898 3109 βασιλέας

289 3121 416 3196 περὶ
462 3124 563 3180 τοῦ
608 3118 861 3194 πολέμου
900 3120 1303 3196 χρησομένους·
1357 3120 1396 3196 ἦ
1442 3122 1501 3180 δὲ
1546 3122 1737 3199 Πυθίη
1779 3129 1899 3200 σφι

291 3204 475 3266 ἀνεῖλε
517 3204 773 3282 οἰκιστήν
815 3204 1125 3288 ἐπάγεσθαι
1167 3209 1259 3267 ἐπὶ
1297 3205 1402 3285 τὴν
1441 3207 1632 3290 χώρην
1667 3215 1898 3282 τοῦτον,
