2100 3409
346 53 445 104 294
954 47 1326 100 ἮΡοΔοϊοω
1811 52 1932 119 Hx,
1991 84 2000 88 -

345 135 514 194 τοῦτο
567 130 643 205 δὲ,
695 129 983 211 Ἀργείους
1039 129 1170 193 τούς
1228 128 1372 208 μετὰ
1425 131 1800 196 Πολυνείκεος
1851 135 1936 194 ἐπὶ

346 221 547 297 Θήβας
601 216 929 289 ἐλάσαντας,
983 218 1428 295 τελευτήσαντας
1480 219 1584 280 τᾶν
1633 225 1800 281 αἰῶνα
1850 222 1934 281 καὶ

344 309 593 385 ἀτάφους
634 307 927 383 κειμένους,
969 305 1448 384 στρατευσάμενοι
1489 309 1582 366 ἐπὶ
1622 309 1753 372 τούς
1797 310 1935 369 Καδ-

339 396 542 474 μείους,
582 394 884 455 ἀνελέσθαι
918 419 981 454 τε
1014 394 1146 458 τούς
1181 395 1406 472 νεκρούς
1434 403 1626 472 φαμεν
1651 398 1746 456 καὶ
1773 398 1937 475 θάψαι

343 488 443 560 τῆς
480 482 749 559 ἡμετέρης
781 485 839 541 ἐν
872 481 1177 542 Ἐλευσῖνι.
1262 483 1385 542 ἔστι
1416 484 1475 543 δὲ
1510 482 1649 560 ἡμῖν
1692 487 1852 567 ἔργον
1883 486 1936 545 εὖ

343 572 470 650 ἔχον
509 571 600 629 καὶ
633 574 688 633 ἐς
722 568 1102 646 Ἀμαζονίδας,
1136 569 1241 633 τάς
1276 570 1390 631 ἀπό
1426 573 1824 648 Θερμώδοντος
1847 599 1935 633 πο·

340 662 520 734 ταμοῦ
559 656 927 735 ἐσβαλούσας
963 659 1090 716 κοτὲ
1130 662 1185 720 ἐς
1217 664 1327 739 γῆν
1360 659 1463 735 τὴν
1488 658 1774 736 Ἀττικήν.
1854 662 1938 720 καὶ

344 752 402 806 ἐν
448 751 599 807 τοῖσι
644 750 942 823 Τρωϊκοῖσι
994 744 1223 806 πόνοισι
1271 746 1523 822 οὐδαμῶν
1586 748 1935 825 ἐλειπόμεθα.

342 833 474 892 ἀλλ’
503 834 567 894 οὗ
587 834 696 914 γάρ
717 859 772 893 τι
793 834 1020 912 προέχει
1039 831 1248 892 τούτων
1266 834 1698 909 ἐπιμεμνῆσθαι·
1730 835 1821 893 καὶ
1839 834 1937 916 γὰρ

344 918 414 980 ἃν
440 922 681 999 χρηστοὶ
707 921 834 980 τότε
869 920 1050 984 ἐόντες
1087 919 1249 979 ὦῦτοὶ
1285 925 1382 980 νῦν
1408 919 1477 980 ἂν
1503 922 1613 982 εἶεν
1639 922 1940 999 φλαυρότε-

343 1035 449 1085 ροι,
483 1009 574 1067 καὶ
609 1007 737 1067 τότε
774 1008 953 1072 ἐόντες
988 1012 1235 1086 φλαῦροι
1274 1011 1370 1068 νῦν
1406 1005 1475 1067 ἂν
1513 1009 1623 1068 εἶεν
1648 1008 1939 1084 ἀμείνονες.

343 1101 599 1156 παλαιῶν
624 1097 729 1173 μέν
755 1122 852 1156 νυν
879 1098 1052 1178 ἔργων
1086 1095 1214 1160 ἅλις
1248 1098 1406 1156 ἔστω.
1449 1096 1590 1174 ἧμῖν
1616 1096 1678 1155 δὲ
1707 1101 1756 1155 εἰ
1779 1099 1943 1174 μηδὲν

347 1184 496 1244 ἄλλο
535 1185 658 1244 ἐστὶ
691 1183 1143 1265 ἀποδεδεγμένον,
1177 1183 1365 1261 ὥσπερ
1394 1185 1519 1243 ἐστὶ
1544 1183 1746 1242 πολλά
1770 1210 1835 1243 τε
1860 1185 1945 1243 καὶ

345 1272 404 1331 εὖ
438 1274 636 1351 ἔχοντα
662 1277 710 1331 εἰ
738 1272 920 1331 τέοισι
946 1273 1039 1330 καὶ
1067 1271 1303 1331 ἄλλοισι
1327 1270 1636 1348 Ἑλλήνων,
1664 1270 1824 1331 ἀλλὰ
1860 1271 1945 1331 καὶ

345 1358 457 1419 ἀπό
496 1364 597 1420 τοῦ
637 1365 696 1418 ἐν
736 1360 1044 1437 Μαραθῶνι
1087 1363 1248 1442 ἔργου
1289 1359 1439 1430 ἄξιοί
1476 1364 1627 1437 εἶμεν
1666 1363 1841 1419 τοῦτο
1883 1355 1946 1420 τά

344 1447 512 1525 γέρας
549 1448 709 1524 ἔχειν,
753 1447 845 1506 καὶ
885 1447 1039 1507 ἄλλα
1079 1449 1218 1525 πρὸς
1256 1447 1452 1526 τούτῳ·
1510 1446 1709 1510 οἵτινες
1754 1451 1949 1523 μοῦνοι

343 1532 634 1608 Ἑλλήνων
666 1533 733 1610 δὴ
762 1537 1296 1615 μουνομαχήσαντες
1323 1539 1401 1613 τῷ
1433 1535 1652 1612 Πέρσῃ,
1683 1535 1775 1593 καὶ
1813 1538 1949 1616 ἔργῳ

341 1621 595 1702 τοσούτῳ
631 1622 1098 1702 ἐπιχειρήσαντες,
1145 1621 1588 1703 περιεγενόμεθα,
1638 1623 1733 1680 καὶ
1774 1623 1950 1700 ἐνική·

344 1735 527 1787 σαμεν
569 1710 726 1770 ἔθνεα
773 1712 835 1781 ἐξ
881 1737 944 1772 τε
991 1713 1083 1770 καὶ
1127 1708 1557 1787 τεσσεράκοντα.
1614 1708 1704 1787 ἀρ’
1751 1709 1824 1770 οὖ
1877 1713 1949 1772 δί-

346 1799 497 1858 καιοί
561 1803 710 1876 εἶμεν
762 1801 907 1878 ἔχειν
957 1799 1166 1875 ταύτην
1215 1797 1321 1874 τήν
1370 1796 1528 1869 τάξιν
1579 1796 1696 1859 ἀπὸ
1745 1799 1952 1861 τούτου

341 1886 548 1962 μσῦνσυ
602 1891 704 1946 τοῦ
762 1888 947 1966 ἔργου;
1018 1886 1151 1945 ἀλλ’
1208 1885 1274 1946 οὗ
1305 1884 1439 1967 ’γάρ
1499 1890 1558 1946 ἐν
1613 1890 1693 1966 τῷ
1754 1890 1952 1969 τοιῷδε

342 1972 529 2044 τάξιος
571 1975 749 2034 εἵνεκα
791 1975 1116 2047 στασιάζειν
1154 1974 1369 2051 πρέπει,
1412 1971 1597 2051 ἄρτιοί
1633 1979 1787 2052 εἰμεν
1838 1978 1951 2037 πεί-

344 2063 546 2123 θεσθαι
577 2063 725 2139 ὖμῖν,
756 2061 797 2122 ὦ
832 2063 1276 2141 Λακεδαιμόνιοι,
1308 2063 1396 2122 ἵνα
1432 2062 1610 2121 δοκέει
1657 2064 1952 2140 ἐπιτηδεό·

342 2175 509 2209 τατον
536 2150 712 2226 ἤμέας
738 2151 875 2211 εἶναι
901 2151 1147 2221 ἑστάναι,
1178 2152 1269 2209 καὶ
1296 2150 1414 2210 κατ’
1444 2150 1724 2215 οὕστινας·
1762 2152 1952 2230 πάντη

342 2235 452 2316 γὰρ
495 2238 822 2315 τεταγμένοι
864 2239 1250 2316 πειρησόμεθα
1300 2238 1437 2298 εἶναι
1478 2239 1740 2317 χρηστοί.
1831 2241 1952 2317 ἐξη-

341 2322 543 2403 γέεσθε
580 2322 640 2379 δὲ
676 2322 746 2386 ὥς
781 2325 1179 2402 πεισομένων.”
1207 2326 1388 2402 οῗμὲν
1411 2330 1589 2386 ταῦτα
1616 2324 1950 2403 ἀμείβοντο·

343 2408 790 2486 Λακεδαιμονίων
832 2412 891 2471 δὲ
941 2412 1199 2490 ἀνέβωσε
1242 2412 1389 2473 ἅπαν
1439 2414 1506 2473 τὸ
1560 2414 1952 2490 ὀτρατόπεδον

342 2494 670 2575 Ἀθηναίους
695 2497 1130 2577 ἀξιονικοτέρους
1165 2501 1302 2561 εἶναι
1334 2501 1479 2578 ἔχειν
1514 2500 1582 2560 τὰ
1610 2501 1775 2577 κέρας
1801 2500 1951 2581 ἥπερ

341 2584 631 2662 Ἀρκάδας.
715 2586 855 2647 οὕτω
894 2587 962 2664 δή
1001 2590 1173 2668 ἔσχον
1205 2591 1259 2648 οἱ
1289 2587 1591 2664 Ἀθηναῖοι,
1621 2588 1717 2647 καὶ
1746 2588 1950 2670 ὑπερε-

340 2674 591 2748 βάλοντο
615 2674 746 2737 τοῦς
770 2670 1064 2756 Τεγεήτας.

246 2761 325 2818 28
421 2760 585 2818 Mero}
626 2761 686 2820 δὲ
723 2767 914 2833 ταῦτα,
957 2763 1271 2824 ἐτάσσοντο
1309 2758 1414 2823 ὦδε
1454 2764 1509 2822 οἱ
1547 2767 1954 2839 ἐπιφοιτῶντές

344 2872 406 2907 τε
447 2847 539 2905 καὶ
581 2850 635 2905 οἱ
670 2846 850 2926 ἀρχὴν
884 2849 1139 2913 ἐλθόντες
1170 2849 1480 2926 Ἑλλήνων·
1519 2849 1586 2911 τό
1620 2852 1727 2929 μὲν
1758 2851 1956 2924 δεξιὼ

342 2935 502 3011 κέρας
538 2933 690 3012 εἶχον
729 2935 1176 3012 Λακεδαιμονίων
1215 2935 1422 3015 μύριοι·
1462 2936 1672 2999 τούτων
1712 2937 1778 2998 δὲ
1821 2941 1958 3007 τούς

340 3023 840 3100 πεντακισχιλίους,
907 3021 1096 3087 ἐόντας
1163 3025 1529 3102 Σπαρτιήτας,
1599 3025 1962 3103 ἐφύλασσον

341 3108 499 3183 ψιλοὶ
537 3112 646 3167 τῶν
683 3107 947 3167 εἱλωτέων
977 3114 1426 3192 πεντακισχίλιοι
1468 3114 1560 3172 καὶ
1598 3115 1958 3194 τρισμύριοι,

340 3192 466 3267 περὶ
508 3191 680 3269 ἄνδρα
721 3192 959 3255 ἕκαστον
1011 3198 1153 3257 ἔπτὰ
1195 3201 1541 3280 τεταγμένοι.
1620 3207 1962 3286 προσεχέες
