2100 3409
325 28 420 87 102
929 32 1297 84 ἯΡΟΔΟΜ
1796 34 1930 99 [VI.

321 114 572 194 ταλμένα
616 111 965 195 ἅτε-ἤγγελλε·
1016 115 1173 172 τοῖσι
1218 112 1278 172 δὲ
1324 111 1448 172 ἕαδε
1497 105 1603 191 μὲν
1655 114 1932 192 βοηθέειν

320 202 689 279 Ἀθηναίοισι,
716 200 956 260 ἀδύνατα
996 199 1061 258 δέ
1093 205 1206 275 σφι
1231 197 1302 276 ἦν
1325 199 1392 259 τδ
1419 202 1735 277 παραυτίκα
1775 203 1929 262 ποιέ-

324 317 404 351 ειν
432 294 609 351 ταῦτα
643 287 709 349 οὗ
732 289 1142 365 βουλομένοισι
1173 287 1329 347 λύειν
1352 287 1452 350 τόν
1479 287 1670 364 νόμον·
1714 288 1787 365 ἦν
1814 290 1928 371 γάρ

325 379 625 456 ἱσταμένου
663 379 765 436 τοῦ
801 375 978 453 μηνός
1018 377 1225 451 εἰνάτη·
1268 374 1454 454 εἰνάτῃ
1481 375 1542 434 δὲ
1575 374 1675 435 οὐκ
1711 376 1923 447 ἐξελεύ-

323 468 531 527 σεσθαι
564 466 801 540 ἔφασαν,
825 462 907 541 μὴ
950 489 1015 524 οι·
1055 462 1301 539 πλήρεος
1341 462 1525 526 ἐόντος
1563 467 1666 523 τοῦ
1691 462 1920 523 κύκλου.

199 555 345 664 ‘107
368 552 540 613 Οὗτοι
580 551 684 628 μέν
725 576 821 611 νυν
862 549 966 627 τήν
1007 552 1366 630 πανσέληνον
1413 550 1625 626 ἔμενον·
1668 554 1826 611 τοῖσι
1864 551 1920 610 δὲ

322 639 678 717 βαρβάροισι
724 638 1022 720 κατηγέετο
1065 635 1285 713 Ἱππίης
1328 662 1359 696 ο
1403 637 1827 715 Πεισιστράτου
1869 643 1919 701 ἐς

321 727 421 787 τόν
448 728 787 803 Μαραθῶνα,
812 730 915 802 τῆς
953 726 1364 803 παροιχομένης
1402 723 1597 788 νυκτός
1623 723 1757 803 ὄψιν
1796 725 1916 785 ἶδῶν

302 816 384 875 ’ἐν
416 818 495 894 τῷ
528 813 679 893 ὕπνῳ
713 812 949 889 τοιήνδε·
992 811 1175 872 ἐδόκεε
1214 810 1246 870 ὁ
1271 811 1491 887 Ἱππίης
1528 815 1601 890 τῇ
1639 813 1814 891 μητρὶ
1850 817 1917 891 τῇ

324 906 525 963 ἑωυτοῦ
565 903 982 977 συνευνηθῆναι·
1024 899 1376 976 συνεβάλετο
1419 897 1493 958 ὧν
1536 904 1597 958 ἐκ
1639 903 1744 959 τοῦ
1783 899 1913 960 όνεί·

322 1017 442 1068 ρου,
487 989 769 1050 κατελθών
815 993 870 1052 ἐς
913 987 1013 1053 τὰς
1056 986 1299 1063 Ἀθήνας
1346 987 1438 1046 καὶ
1484 985 1915 1066 ἀνασωσάμενος

326 1077 432 1154 τὴν
470 1077 665 1157 ἀρχὴν,
691 1076 1049 1152 τελευτήσειν
1090 1080 1148 1135 ἐν
1186 1078 1258 1153 τῇ
1300 1078 1500 1134 ἑωυτοῦ
1527 1075 1776 1156 γηραιός.
1858 1080 1913 1134 ἐκ

322 1169 427 1244 μὲν
466 1166 535 1243 δή
574 1169 674 1242 τῆς
713 1163 873 1243 ὄψιος
899 1162 1251 1240 συνεβάλετο
1277 1166 1472 1223 ταῦτα·
1513 1161 1641 1222 τότε
1668 1162 1731 1221 δὲ
1757 1189 1912 1239 κατη-

322 1254 602 1336 γεόμενος,
631 1258 799 1315 τοῦτο
839 1254 942 1329 μὲν
974 1251 1045 1312 τὰ
1084 1249 1402 1327 ἀνδράποδα
1439 1248 1512 1309 τὰ
1545 1249 1608 1319 ἐξ
1636 1248 1914 1328 Ἐρετρίης

324 1340 587 1417 ἐπέβησε
627 1346 681 1404 ἐς
719 1341 822 1416 τήν
848 1343 1024 1414 νῆσον
1048 1337 1153 1414 τὴν
1181 1337 1446 1414 Στυρέων,
1474 1340 1819 1415 καλεομένην
1858 1339 1912 1397 δὲ

326 1428 633 1507 Αἰγίλειαν·
674 1431 840 1487 τοῦτο
869 1425 930 1484 δὲ
957 1426 1336 1506 καταγομένας
1376 1429 1432 1488 ἐς
1468 1423 1569 1486 τᾶν
1594 1426 1913 1502 Μαραθῶνα

328 1514 429 1577 τάς
469 1515 593 1577 νέας
635 1513 832 1592 ὅρμιζε
876 1512 1062 1582 οὕτως,
1107 1512 1381 1589 ἐκβάντας
1425 1538 1487 1572 τε
1536 1517 1592 1576 ἐς
1635 1516 1746 1594 γῆν
1788 1512 1912 1577 τοῦς

325 1601 657 1680 βαρβάρους
696 1601 978 1661 διέτασσε·
1021 1601 1119 1659 καί
1141 1603 1195 1660 οἱ
1218 1604 1394 1659 ταῦτα
1421 1600 1665 1660 διέποντι
1705 1602 1913 1676 ἐτι-ἦλθε

323 1695 552 1768 πταρεῖν
576 1717 639 1751 τε
665 1692 756 1750 καὶ
783 1689 958 1766 βῆξαι
983 1687 1223 1765 μεζόνως
1247 1686 1283 1763 ἢ
1310 1686 1382 1751 αἷς
1413 1687 1592 1749 ἐώθεε·
1635 1687 1729 1748 οἶα
1769 1689 1832 1747 δέ
1862 1691 1912 1747 οἶ

326 1781 693 1859 πρεσβυτέρῳ
733 1777 878 1838 ἐόντι
901 1780 1013 1837 τῶν
1039 1775 1277 1836 ὀδόντων
1304 1779 1358 1834 οἱ
1382 1778 1614 1839 πλεῦνες
1647 1776 1909 1836 ἐσείοντο·

322 1867 528 1928 τούτων
566 1866 638 1927 ὧν
675 1867 769 1928 ἕνα
803 1869 914 1926 τῶν
946 1863 1184 1924 ὀδόντων
1218 1861 1492 1938 ἐκβάλλει
1515 1861 1626 1923 ὖπό
1652 1864 1787 1940 βίης
1809 1864 1909 1941 βή-

324 1955 442 2025 ξας·
483 1955 813 2017 ἐκπεσόντος
852 1954 912 2013 δὲ
954 1958 1009 2015 ἐς
1047 1951 1152 2027 τὴν
1194 1950 1427 2028 ψάμμον
1458 1949 1643 2021 αὐτοῦ,
1672 1952 1909 2013 ἐποιέετο

324 2042 550 2118 πολλὴν
590 2041 843 2115 σπουδήν
884 2040 1138 2116 ἐξευρεῖν·
1182 2038 1252 2101 ὥς
1279 2038 1338 2096 δὲ
1369 2036 1468 2097 οὐκ
1502 2039 1762 2113 ἐφαίνετό
1801 2043 1855 2099 οἱ
1879 2040 1908 2099 ό

323 2129 480 2197 ὀδών,
508 2127 883 2195 ἀναστενάξας
914 2126 1033 2186 εἶπε
1066 2126 1206 2206 πρδς
1235 2125 1364 2189 τοῦς
1401 2126 1784 2203 παραστάτας·
1827 2127 1908 2204 “ἤ

242 2210 255 2221 ”
326 2219 401 2296 γῆ
434 2215 532 2290 ἥδε
568 2213 671 2274 οὐκ
692 2214 932 2291 ἡμετέρη
961 2215 1100 2284 ἐστὶ,
1130 2213 1258 2274 οὐδέ
1280 2239 1378 2291 μιν
1404 2212 1757 2290 δυνησόμεθα
1780 2214 1909 2275 ὕπο·

323 2303 536 2381 χειρίην
560 2300 933 2376 ποιήσασθαι·
968 2301 1177 2361 ὁκόσον
1198 2302 1259 2360 δέ
1286 2327 1342 2361 τι
1365 2326 1466 2378 μοι
1490 2301 1660 2379 μέρος
1683 2306 1856 2380 μετῆν
1878 2302 1908 2362 ὁ

233 2392 348 2451 108
364 2389 504 2451 ὄδων
527 2388 780 2468 μετέχει.
852 2389 1073 2465 Ιππίης
1089 2414 1191 2465 μεν
1212 2387 1280 2465 δή
1301 2414 1475 2468 ταυτῃ
1502 2387 1606 2465 τὴν
1632 2386 1762 2468 ὄψιν
1787 2416 1910 2450 συν-

325 2477 567 2557 εβάλετο
609 2477 1014 2553 ἐξεληλυθέναι·
1057 2476 1408 2551 Ἀθηναίοισι
1439 2476 1499 2535 δε
1530 2477 1908 2557 τεταγμένοισι

323 2569 382 2624 ἐν
399 2566 612 2642 τεμένεϊ
634 2564 962 2642 Ηρακλέος,
982 2565 1233 2639 ἐπῆλθον
1257 2564 1592 2639 βοηθέοντες
1609 2566 1909 2628 Πλαταιέες

322 2654 613 2730 πανδημεί.
697 2653 789 2712 καὶ
829 2653 939 2733 γοὶρ
985 2659 1078 2710 καὶ
1119 2650 1455 2711 ἐδεδοίκεσάν
1496 2656 1683 2726 σφεας
1719 2650 1910 2715 αὐτοῦς

326 2745 479 2799 τοῖσι
519 2740 871 2816 Ἀθηναίοισι
918 2743 971 2800 οἱ
1018 2738 1347 2808 Πλαταιέες,
1396 2738 1489 2797 καὶ
1533 2738 1736 2801 πόνους
1778 2737 1910 2817 ὑπὲρ

322 2826 502 2888 αὐτῶν
542 2831 596 2887 οἱ
633 2826 920 2902 Ἀθηναῖοι
960 2825 1202 2905 συχνοῦς
1229 2825 1335 2902 ἤδη
1367 2824 1678 2902 άναιρέατο·
1722 2825 1911 2887 ἔδοσαν

323 2916 383 2976 δὲ
415 2915 536 2976 ὦδε·
579 2914 921 2992 πιεζεύμενοι
955 2915 1067 2974 ὑπὸ
1094 2914 1359 2989 Θηβαίων
1396 2917 1450 2973 οἶ
1478 2914 1788 2977 Πλαταιέες
1814 2915 1911 2975 ἐδί·

323 3004 498 3065 δοσαν
534 3007 726 3080 πρῶτα
761 3005 1153 3080 παρατυχοῦσι
1181 2999 1494 3078 Κλεομένει
1530 3026 1592 3059 τε
1625 3004 1701 3079 ‘tq‘
1727 2999 1913 3071 ’·Αναξ

323 3093 583 3169 ανδριδεω
616 3091 710 3150 καὶ
749 3090 1238 3166 Λακεδαιμονίοισι
1282 3089 1467 3163 σφέας
1506 3086 1727 3152 αὐτους·
1769 3093 1820 3148 οἷ
1857 3088 1915 3147 δὲ

319 3178 388 3238 οὐ
415 3180 698 3260 δεκόμενοι
724 3175 919 3258 ἔλεγόν
943 3183 1059 3252 σφι
1082 3167 1233 3235 τάδε·
1276 3186 1312 3212 “
1327 3175 1488 3253 ἡμεῖς
1511 3176 1617 3253 μὲν
1643 3178 1917 3253 ἑκαστέρω
