2100 3409
331 55 430 106 282
964 52 1329 104 ἨΡΟΔΟΤΟΤ

330 134 449 212 ἅμα
473 133 534 194 δὲ
557 135 833 211 πυρσοῖσι
858 130 952 191 διὰ
976 131 1165 207 νήσων
1186 131 1367 190 ἐδόκεε
1391 131 1636 208 βασιλέῖ
1659 129 1958 208 δηλώσειν

334 222 479 283 ἐόντι
520 227 577 282 ἔν
619 220 871 297 Σάρδισι,
913 217 999 279 ὅτι
1039 219 1161 298 ἔχοι
1200 217 1459 294 Ἀθήνας.
1541 219 1603 283 ὃς
1644 218 1772 279 οὐδὲ
1807 219 1948 279 τότε

332 308 664 387 ἀπικόμενος
717 313 773 372 ἐς
810 307 914 383 τήν
951 305 1213 382 Ἀττικὴν
1255 303 1378 382 εὗρε
1422 305 1552 369 τούς
1589 305 1943 383 Ἀθηναίους,

332 396 464 456 ἀλλ’
507 398 564 457 ἔν
615 421 678 456 τε
732 396 1012 470 Σαλαμῖνι
1063 392 1194 457 τοῦς
1245 394 1550 457 πλείστους
1602 394 1946 455 ἐπυνθάνετο

336 484 490 553 εἶναι,
526 485 582 543 ἔν
615 508 679 543 τε
711 485 847 561 τῇσι
887 481 1072 557 νηυσί·
1113 480 1282 557 αἱρέει
1321 506 1384 539 τε
1425 485 1634 557 ἐρῆμον
1668 480 1736 540 τὸ
1771 481 1942 541 ἄστυ.

332 571 373 647 ἦ
398 572 457 630 δὲ
482 570 762 647 βασιλέος
786 569 1001 646 αἵρεσις
1029 573 1084 632 ἔς
1114 567 1218 643 τὴν
1246 568 1546 645 ὖστεραίην
1579 568 1684 644 τὴν
1710 568 1941 646 Μαρδο-

332 659 452 719 νίου
479 656 878 735 ἐπιστρατηΐην
904 655 1209 732 δεκάμηνος
1235 657 1471 735 ἐγένετο.

278 747 318 806 4
413 744 572 804 Ἐπεὶ
599 746 711 805 δὲ’
686 770 743 804 εν
767 743 1098 822 Ἀθήνῃσι’
1072 744 1289 824 εγένετο
1312 770 1343 802 ο
1327 743 1700 820 εΜαρδόνιος,
1730 745 1940 822 πέμπει

335 838 391 895 ἐς
450 835 743 909 Σαλαμῖνα
802 831 1166 908 Μουρυχίδην
1233 829 1405 908 ἄνδρα
1465 830 1936 907 Ἑλλησπόντιον,

335 920 579 996 φέροντα
604 945 732 981 τους
757 917 955 980 αὐτους
988 917 1196 998 λόγους
1229 943 1358 980 τους
1391 918 1482 976 καὶ
1508 917 1938 995 Ἀλέξανδρος“
1905 946 1937 977 ο

334 1006 606 1066 Μακεδων
656 1009 809 1066 τοῖσι
853 1004 1206 1081 Ἀθηναίοισι
1254 1004 1676 1083 διεπόρθμευσε.
1760 1011 1937 1066 ταῦτα

333 1094 394 1156 δὲ
428 1121 493 1156 το
536 1094 786 1172 δεύτερον
827 1093 1162 1167 ἀπέστελλε,
1192 1094 1444 1172 προέχων
1476 1095 1578 1171 μὲν
1616 1097 1730 1153 τῶν
1767 1091 1936 1171 Ἀθη-

335 1183 500 1244 ναίων
527 1209 591 1242 ου
621 1182 817 1258 φιλίας
841 1179 1082 1262 γνώμας,
1113 1182 1347 1252 ἐλπίζων
1378 1181 1441 1239 δέ
1475 1186 1661 1255 σφεας
1693 1181 1935 1257 ὖπήσειν

329 1275 433 1346 τῆς
463 1269 875 1352 οἷγνωμοσυνης,
904 1295 977 1332 ως
1014 1267 1354 1344 δοριαλώτου
1389 1267 1591 1343 εὀυσης
1619 1268 1812 1347 πάσης
1836 1295 1933 1344 της

331 1356 588 1432 Ἀττικῆς
626 1381 812 1459 χωρης
848 1356 941 1413 καὶ
980 1356 1183 1432 ἐούσης
1219 1354 1327 1433 ἤδη
1365 1354 1457 1415 ὕπ’
1491 1358 1689 1433 εωυτῷ·
1728 1380 1931 1415 τουτων

332 1446 435 1518 μὲν
498 1443 675 1502 εἵνεκα
735 1439 1031 1519 ἀπέπεμψε
1084 1443 1445 1522 Μουρυχίδην
1506 1447 1559 1506 ἐς
1615 1444 1929 1520 Σαλαμῖνα.

277 1530 400 1589 50
438 1531 512 1603 δὲ,
548 1529 878 1607 ἀπικόμενος
919 1531 1011 1591 ἐπὶ
1046 1531 1151 1606 τὴν
1189 1530 1428 1608 βουλὴν,
1477 1530 1634 1612 ἔλεγε
1665 1558 1741 1592 τα
1777 1532 1930 1609 παριῗ,

331 1618 670 1696 Μαρδονίου·
717 1620 828 1678 τῶν
867 1618 927 1678 δὲ
964 1620 1317 1696 βουλευτέων
1356 1618 1595 1694 Λυκίδης
1636 1617 1757 1678 εἶπε
1793 1619 1930 1700 γνῶ-

327 1732 459 1783 μην,
483 1705 552 1769 ὥς
578 1708 633 1765 οἲ
659 1703 842 1765 ἐδόκεε
866 1704 1092 1783 ἄμεινον
1113 1706 1252 1766 εἶναι
1279 1706 1604 1783 δεξαμένους
1629 1706 1729 1766 τᾶν
1753 1707 1930 1787 λόγον

329 1794 429 1855 τόν
487 1801 600 1871 σφι
651 1795 1008 1872 Μουρυχίδης
1067 1795 1357 1871 προφέρει,
1412 1794 1673 1863 ἐξενεῖκαι
1728 1799 1782 1856 ἐς
1833 1795 1930 1857 τᾶν

330 1882 526 1958 δῆμον·
568 1881 602 1943 ὅ
631 1884 734 1958 μὲν
770 1882 840 1957 δὴ
871 1881 1079 1958 ταύτην
1103 1882 1207 1958 τήν
1241 1880 1467 1964 γνώμην
1493 1881 1856 1958 ἀπεφαίνετο,
1882 1883 1931 1945 εἴ

326 1996 388 2029 τε
419 1970 488 2047 δή
521 1970 842 2051 δεδεγμένος
876 1968 1141 2049 χρήματα
1178 1969 1330 2047 παροῖ
1357 1970 1677 2047 Μαρδονίου
1707 1970 1755 2028 εἴ
1788 1996 1855 2030 τε
1877 1973 1929 2031 οἶ

328 2059 421 2116 καὶ
443 2063 620 2119 ταῦτα
646 2058 886 2117 ἑάνδανε·
926 2056 1218 2133 Ἀθηναῖοι
1251 2057 1310 2117 δὲ
1345 2055 1542 2117 αὐτίκα
1568 2056 1745 2118 δεινὰν
1768 2083 1927 2135 ποιη-

329 2146 579 2221 σάμενοι,
630 2146 690 2203 οἵ
728 2171 791 2204 τε
840 2150 900 2204 ἐκ
944 2149 1044 2220 τῆς
1090 2146 1312 2221 βουλῆς
1355 2145 1449 2204 καὶ
1496 2147 1548 2205 οἶ
1596 2145 1810 2214 ἔξωθεν,
1860 2145 1926 2211 ὥς

327 2233 614 2300 ἐπύθοντο,
642 2232 1002 2307 περιστάντες
1028 2233 1273 2292 Αυκίδεα
1308 2233 1650 2292 κατέλευσαν
1676 2232 1926 2309 βάλλοικ

326 2341 432 2387 τες,
468 2317 569 2376 τᾶν
609 2317 670 2376 δὲ
706 2317 1159 2394 Ἑλλησπόντιον
1196 2320 1554 2398 Μουρυχίδεα
1590 2319 1925 2399 ἀπέπεμψαν

327 2404 541 2465 οἷσινέα·
582 2406 879 2485 γενομένου
910 2407 970 2466 δὲ
1003 2408 1253 2485 θορύβου
1282 2413 1340 2468 ἐν
1373 2412 1445 2486 τῇ
1485 2410 1763 2484 Σαλαμῖνι
1801 2411 1926 2486 περὶ

324 2492 423 2554 τδν
460 2493 716 2563 Λυκίδεα,
750 2493 1120 2554 πυνθάνονται
1155 2495 1221 2555 τὸ
1257 2495 1548 2577 γινόμενον
1584 2497 1643 2554 αἱ
1676 2501 1925 2575 γυναῖκες

323 2584 434 2641 τῶν
459 2580 784 2656 Ἀθηναίων·
825 2581 1297 2661 διακελευσαμένη
1323 2583 1384 2644 δὲ
1408 2582 1548 2664 γυνὴ
1572 2584 1812 2664 γυναικὶ,
1839 2586 1924 2645 καὶ

324 2670 761 2745 παραλαβοῦσα,
799 2670 890 2728 ἐπὶ
924 2670 1029 2744 τὴν
1060 2672 1308 2731 Λυκίδεω
1345 2671 1523 2747 οἰκίην
1558 2670 1729 2746 ἤϊσαν
1766 2671 1924 2731 αὖτο-

325 2756 528 2823 κελέες,
577 2756 668 2812 καὶ
715 2781 856 2815 κατα
901 2759 1005 2833 μὲν
1053 2758 1291 2829 ἔλευσαν
1333 2758 1506 2819 αὐτοῦ
1543 2758 1649 2834 τὴν
1692 2761 1926 2839 γυναῖκα

325 2868 467 2903 κατα
496 2842 555 2901 δὲ
580 2867 651 2900 τα
676 2844 858 2903 τέκνα.

270 2933 307 2990 6
405 2929 498 2993 Ἐς
526 2929 585 2987 δὲ
611 2953 712 3001 την
751 2931 1045 3008 Σαλαμῖνα
1082 2933 1359 3011 διέβησαν
1397 2937 1451 2993 οἱ
1475 2932 1765 3010 Ἀθηναῖοι
1804 2933 1925 2998 ὧδε·

324 3017 420 3079 ἕως
470 3018 575 3093 μὲν
618 3016 1021 3091 προσεδέκοντο
1068 3046 1168 3080 τον
1222 3026 1281 3079 ἐκ
1334 3025 1435 3096 τῆς
1477 3023 1963 3099 Πελοποννήσου-

323 3103 568 3179 στρατὸν
593 3101 747 3177 ἥξειν
778 3103 1167 3179 τιμωρήσοντά
1202 3116 1332 3185 σφι,
1361 3134 1416 3169 οι
1447 3109 1571 3168 δὲ”
1542 3134 1737 3185 εμενον
1765 3115 1834 3171 ἐν
1855 3117 1924 3195 τῇ

322 3185 568 3267 Ἀττικῇ
595 3187 715 3249 ἐπεὶ
740 3187 800 3249 δὲ
824 3214 879 3253 οι
902 3191 1007 3266 μὲν
1023 3194 1343 3274 μακρότερά
1365 3221 1429 3258 τε
1454 3196 1548 3259 καὶ
1573 3197 1928 3281 σχολαίτφα
