2100 3409
188 44 425 109 εις-,60]
838 44 1211 96 ΠΟΛΤΜΝΙΑ.
1715 53 1803 99 14⁷

189 127 419 202 μίζετο,
446 120 519 182 τὰ
561 121 803 199 ἔμπαλιν
842 122 1120 198 πρήσσων
1157 126 1258 183 τοῦ
1282 124 1470 195 πεζοῦ·
1510 124 1542 186 ό
1567 128 1671 203 μὲν
1693 128 1805 209 γὰρ

190 211 344 290 πρὸς
382 210 630 288 ἑσπέρην
669 209 831 269 ἔπλεε
868 210 960 269 ἐπὶ
994 211 1378 288 Σαρπηδονίης
1417 210 1585 288 ἄκρης
1624 216 1805 275 ποιεύ-

193 327 366 378 μενος
393 299 503 374 τήν
531 297 736 370 ἄπιξιν,
764 303 820 362 ἐς
843 291 1135 378 τήν”αύτῷ
1168 300 1466 377 προείρητο
1492 299 1806 381 ἀπικομένῳ

193 388 537 467 περιμένειν·
581 385 613 446 ό
657 386 717 446 δὲ
761 385 877 447 κατ’
908 385 1140 465 ἤπειρον
1174 388 1415 466 στρατός
1449 387 1592 465 πρός
1628 387 1710 464 ἠῶ
1743 416 1806 450 τε

196 477 295 538 καὶ
333 474 508 551 ἡλίου
549 473 827 539 ἀνατολαῖς
868 477 1114 536 ἐποιέετο
1139 476 1243 552 τὴν
1268 475 1398 536 όδόν
1424 475 1515 536 διὰ
1539 480 1641 553 τῆς
1664 482 1807 554 Χερ-

197 563 481 639 σονήσου,
509 568 568 623 ἐν
609 563 760 642 δεξιῇ
796 566 900 639 μὲν
941 564 1081 643 ἔχων
1112 564 1210 624 τὸν
1239 564 1460 640 Ἕλλης
1489 564 1673 641 τάφον
1707 570 1808 640 τῆς

195 651 576 728 Ἀθάμαντος,
605 656 664 712 ἐν
699 650 967 730 ἀριστερῇ
1006 652 1067 711 δὲ
1093 652 1342 728 Καρδίην
1372 651 1559 722 πόλιν,
1587 651 1677 711 διὰ
1705 653 1800 730 μέ-

198 766 310 816 σης
340 740 404 799 δὲ
430 738 799 817 πορευόμενος
823 738 1023 803 πόλιος
1053 743 1125 819 τῇ
1164 737 1375 817 οὔνομα
1413 739 1674 821 τυγχάνει
1715 739 1806 801 ἐὰν

196 826 441 908 Ἀγορή·
488 828 735 887 ἐνθεῦτεν
777 827 836 887 δὲ
879 827 1142 904 κάμπτων
1179 827 1278 888 τόν
1318 827 1534 888 κόλπον
1564 827 1664 888 τόν
1689 830 1805 888 Μέ·

198 918 355 975 λανα
410 915 766 993 καλεόμενον,
809 916 901 976 καὶ
940 917 1180 976 Μέλανα
1221 916 1490 993 ποταμόν,
1532 915 1632 977 ούκ
1680 916 1805 978 ἅντ-

202 1003 451 1082 ισχόντα
477 1002 607 1063 τότε
624 1008 696 1082 τῇ
710 1008 949 1083 στρατιῇ
966 1004 1033 1063 τὸ
1055 1005 1280 1081 ῥέεθρον
1305 1002 1437 1063 ἀλλ’
1458 1003 1805 1075 ἐπιλιπόντα,

200 1096 408 1152 τοῦτον
449 1091 550 1152 τᾶν
592 1091 848 1169 ποταμόν
892 1091 1096 1168 διαβάς
1132 1090 1239 1171 (ἐπ’
1279 1089 1343 1151 οὗ
1387 1092 1480 1151 καὶ
1518 1090 1552 1151 ό
1596 1091 1807 1156 κόλπος

203 1177 373 1243 οὗτος
406 1177 514 1255 τήν
555 1181 863 1256 ἐπωνυμίην
890 1179 1026 1258 ἔχει)
1063 1178 1150 1253 ἤϊε
1176 1178 1315 1255 πρὸς
1351 1179 1609 1256 ἕσπέρην,
1638 1179 1807 1240 Αἶνόν

201 1294 267 1329 τε
307 1267 481 1328 πόλιν
506 1268 742 1330 Αἰολίδα
784 1268 878 1327 καὶ
905 1266 1235 1344 Στεντορίδα
1274 1266 1479 1343 λίμνην
1515 1266 1803 1342 παρεξιών,

204 1362 264 1418 ἐς
289 1355 324 1415 ὃ
352 1354 584 1416 α’,πίκετο
611 1361 665 1420 ἐς
692 1355 993 1433 Δορίσκον.
1067 1353 1135 1413 ‘O
1162 1354 1221 1413 δὲ
1247 1355 1528 1432 Δορίσκος
1557 1354 1679 1415 ἔστι
1701 1359 1801 1430 τῆς
1819 1358 1898 1416 59

204 1443 454 1522 Θρηίκης
481 1437 737 1523 αἰγιαλός
761 1468 823 1503 τε
850 1443 944 1502 καὶ
968 1442 1159 1503 πεδίον
1183 1443 1351 1523 μέγα·
1388 1442 1507 1522 (διὰ
1539 1441 1599 1503 δὲ
1631 1442 1804 1502 αὐτοῦ

203 1532 321 1610 ῥέει
361 1530 615 1608 ποταμός
653 1532 827 1611 μέγας
855 1528 1117 1611 Ἕβρος·)
1157 1535 1216 1591 ἐν
1241 1534 1318 1610 τῷ
1342 1530 1529 1610 τεῖχός
1559 1558 1624 1591 τε
1665 1531 1805 1591 ἐδέδ-

204 1643 356 1697 μητο
395 1618 985 1695 βασιλήϊον-τοῦτο
999 1643 1067 1679 το
1114 1618 1184 1695 δή
1221 1619 1503 1697 Δορίσκος
1542 1619 1809 1695 κέκληται

202 1707 386 1766 -καὶ
440 1708 708 1784 Περσέων
760 1706 981 1784 φρουρὴ
1027 1711 1088 1767 ἐν
1139 1705 1286 1785 αὐτῷ
1323 1705 1656 1782 κατεστήκεε
1695 1705 1806 1766 υπό

207 1795 453 1872 Δαρείου
495 1793 556 1863 ἐξ
591 1793 799 1855 ἐκείνου
831 1797 933 1854 τοῦ
968 1793 1174 1872 χρόνου
1208 1793 1333 1852 ἐπεί
1364 1818 1427 1853 τε
1462 1794 1556 1853 ἐπὶ
1586 1793 1806 1857 Σκύθας

209 1880 594 1959 ἐστρατεύετο.
676 1881 829 1952 ἔδοξε
881 1880 956 1941 ὧν
1004 1886 1083 1959 τῷ
1126 1880 1308 1959 Ξέρξῃ
1359 1880 1393 1940 ὁ
1437 1884 1616 1958 χῶρος
1669 1879 1808 1940 εἶναι

210 1970 496 2046 ἐπιτήδεος
538 1969 847 2039 ἐνδιατάξαι
887 1994 949 2029 τε
990 1970 1084 2028 καὶ
1120 1968 1489 2046 ἐξαριθμῆσαι
1512 1967 1612 2028 τόν
1636 1994 1806 2045 στρα-

208 2059 325 2118 τόν·
369 2059 464 2116 καὶ
492 2059 671 2116 ἐποίεε
693 2061 887 2117 ταῦτα.
968 2055 1069 2120 τὰς
1093 2059 1196 2134 μὲν
1221 2055 1290 2133 δή
1316 2057 1440 2120 νέας
1479 2055 1579 2119 τὰς
1617 2055 1809 2119 πάσας

210 2146 549 2222 ἀπικομένας
597 2150 652 2209 ἐς
694 2145 979 2222 Δορίσκον
1021 2148 1075 2204 οἱ
1116 2144 1400 2224 ναύαρχοι,
1445 2142 1809 2208 κελεύσαντος

211 2234 443 2310 Ξέρξεω,
475 2238 529 2296 ἐς
554 2232 654 2292 τᾶν
681 2232 940 2313 αἰγιαλὸν
964 2232 1066 2293 τόν
1091 2233 1378 2313 προσεχέα
1404 2233 1666 2313 Δορίσκῳ
1691 2234 1807 2293 ἐκό-

207 2345 407 2397 μισαν·
451 2326 508 2381 ἐν
534 2324 611 2399 τῷ
638 2321 799 2396 Σάλη
823 2345 885 2379 τε
914 2321 1295 2398 Σαμοθρηῖκίη
1320 2322 1663 2381 πεπόλισται
1703 2321 1804 2381 πό-

208 2414 298 2473 λις
347 2409 441 2469 καὶ
484 2408 655 2484 Ζώνη,
697 2410 988 2470 τελευταία
1032 2409 1093 2467 δὲ
1135 2407 1304 2468 αὐτοῦ
1349 2410 1621 2486 Σέρρειον,
1666 2408 1809 2485 ἄκρη

211 2495 522 2575 ὀνομαστή·
568 2495 599 2555 ό
633 2496 693 2555 δὲ
727 2500 910 2574 χῶρος
952 2494 1113 2558 οὗτος
1152 2495 1218 2555 τό
1253 2495 1499 2556 παλαιόν
1537 2494 1608 2571 ἦν
1639 2496 1808 2556 Κικό-

212 2611 335 2645 νων.
419 2589 475 2647 ἐς
499 2588 698 2644 τοῦτον
720 2582 821 2644 τᾶν
846 2583 1105 2664 αἰγιαλὸν
1141 2582 1534 2661 κατασχόντες,
1559 2583 1659 2648 τοὶς
1685 2585 1810 2647 νέας

211 2670 278 2734 ἄν
292 2673 308 2696 '
386 2697 492 2751 χον
530 2670 948 2735 ἀνελκύσαντες·
993 2670 1024 2730 ό
1050 2672 1112 2730 δὲ
1137 2676 1197 2730 ἐν
1221 2673 1298 2749 τῷ
1323 2670 1586 2751 Δορίσκῳ
1610 2676 1809 2732 τοῦτον

211 2760 308 2820 τόν
339 2759 547 2838 χρόνον
573 2762 674 2835 τῆς
701 2763 968 2835 στρατιῆς
1001 2757 1239 2837 ἀριθμόν
1281 2758 1544 2818 ἐποιέετο.
1615 2757 1803 2819 ‘'Oa-ov
1826 2756 1902 2816 60

210 2850 311 2925 μέν
352 2873 449 2907 νυν
489 2848 718 2907 ἕκαστοι
754 2851 1022 2925 παρεῖχον
1062 2847 1282 2922 πλῆθος
1323 2850 1378 2909 ἐς
1418 2845 1668 2924 ἀριθμὸν,
1711 2846 1809 2906 οὐκ

210 2936 318 3013 ἔχω
362 2934 511 2993 εἶπαι
538 2934 603 2993 τό
630 2934 870 3010 ἀτρεκές·
913 2933 977 2993 οὗ
1001 2934 1113 3015 γὰρ
1140 2934 1363 3015 λέγεται
1388 2933 1528 3010 πρός
1555 2932 1812 3006 οὖδαμῶν

209 3022 534 3099 ἀνθρώπων·
590 3020 912 3098 σύμπαντος
954 3021 1013 3080 δὲ
1058 3024 1159 3080 τοῦ
1205 3025 1451 3098 στρατοῦ
1495 3023 1595 3078 τοῦ
1641 3019 1811 3087 πεζοῦ

210 3110 277 3171 τό
313 3110 537 3186 πλῆθος
569 3109 750 3187 ἐφάνη
777 3109 1164 3186 ἐβδομήκοντα
1188 3108 1283 3167 καὶ
1309 3106 1505 3166 ἑκατόν
1529 3102 1805 3180 μυριάδες.

210 3198 596 3278 ἐξηρίθμησαν
630 3198 693 3266 δὲ
730 3197 888 3260 τόνδε
913 3195 1012 3258 τόν
1038 3194 1265 3273 τρόπον·
1306 3187 1713 3271 συναγαγόντες
1753 3194 1809 3252 ἐς
