2100 3409
201 63 232 111 6
790 97 795 102 .
820 57 1193 109 ἨΡΟΔΟΤΟΤ
1631 96 1644 107 .
1791 95 1808 111 .

203 142 425 213 πόλιας,
453 140 652 203 αὐτίκα
687 140 1183 204 διασκεδασθέντες
1219 137 1338 200 κατ’
1376 137 1608 203 ἑωυτοῧς
1640 139 1811 201 ἔκασ-

199 258 290 291 τοι
320 230 641 308 ἐτράποντο,
673 229 763 289 καὶ
799 229 1175 307 παρεδίδοσαν
1207 228 1391 303 σφέας
1422 225 1624 292 ,αύτούς
1651 232 1815 289 τοῖσι

202 321 489 399 Πέρσῃσι·
549 318 690 379 οὕτω
743 318 814 394 δὴ
862 316 1122 377 Παιόνων
1185 313 1546 392 Σιροπαίονές
1593 336 1662 374 τε
1714 318 1813 375 καὶ

203 409 498 469 Παιόπλαι
539 408 631 466 καὶ
671 410 743 466 οἶ·
769 432 938 485 μεχρι
975 409 1079 481 τῆς
1119 404 1446 481 Πρασιάδος
1485 405 1703 480 λίμνης,
1744 407 1815 475 ἐξ

106 499 182 556 16
201 496 384 572 ἠθέων
417 495 833 567 ἐξαναστάντες,
860 520 1067 576 ηγοντο
1105 498 1160 556 ἐς
1190 492 1293 568 τήν
1331 491 1549 568 Ἀσίην.
1638 495 1712 550 Οἱ
1744 493 1813 551 δὲ

170 584 175 589 ’
201 587 329 661 περὶ
354 585 421 646 τό
448 585 744 666 Πάγγαιον
771 582 934 661 οὖρος
965 582 1058 641 καὶ
1084 581 1355 657 Δόβηρας
1390 580 1482 639 καὶ
1505 578 1812 659 Ἀγριᾶνας

203 673 295 731 καὶ
307 671 687 749 Ὀδομάντους
706 671 799 731 καὶ
818 669 992 746 αὐτὴν
1010 669 1115 745 τήν
1134 669 1339 746 λίμνην
1356 667 1461 743 τήν
1481 667 1809 745 Πρασιάδα,

202 760 301 820 ούκ
340 760 716 839 ἐχειρώθησαν
740 758 923 837 ἅρχην
947 758 1060 818 υπὸ
1086 754 1456 837 Μεγαβάζου.
1541 755 1811 833 ἐπειρήθη

200 848 261 908 δὲ
287 850 379 907 καὶ
403 848 533 912 τούς
560 854 618 908 ἐν
643 852 716 926 τῇ
734 849 907 925 λίμνῃ
929 846 1207 920 ἐξαιρέειν,
1238 842 1341 902 ὦδε
1357 844 1809 920 κατοικημένους·

201 930 348 1013 ἰκρία
375 936 467 995 ἐπὶ
492 939 748 1013 σταυρῶν
766 934 997 1013 ύψηλῶν
1019 932 1317 1013 ἐζευγμένα
1345 936 1402 989 ἐν
1427 931 1579 1010 μέσῃ
1602 932 1812 1006 ἔστηκε

201 1027 275 1103 τῇ
301 1026 491 1102 λίμνῃ,
514 1023 712 1084 ἔσοδον
739 1028 799 1081 ἐκ
825 1026 928 1097 τῆς
952 1020 1186 1096 ἠπείρου
1214 1018 1439 1094 στεινὴν
1477 1020 1676 1096 ἔχοντα
1700 1025 1813 1100 μιῇ

201 1112 441 1192 γεφύρῃ·
493 1111 623 1175 τούς
663 1111 722 1171 δὲ
762 1109 1040 1186 σταυροῦς
1084 1108 1215 1170 τούς
1260 1107 1612 1169 ὑπεστεῶτας
1649 1112 1813 1168 τοῖσι

204 1201 432 1276 ἰκρίοισι
461 1199 528 1260 τό
554 1200 659 1276 μέν
686 1225 785 1258 κου
811 1197 1046 1276 α’ρχαῖον
1068 1196 1320 1272 ἔστησαν
1346 1198 1503 1274 κοινῇ
1522 1193 1724 1257 πάντες
1752 1202 1813 1255 οἶ

201 1293 487 1364 πολιῆται·
540 1287 683 1364 μετσῖ
722 1286 798 1355 δὲ,
831 1285 980 1365 νόμῳ
1010 1284 1313 1362 χρεώμενοι
1356 1286 1553 1342 ἱστᾶσι
1593 1283 1811 1361 τοιῷδε·

202 1377 519 1452 κομίζοντες
539 1375 600 1444 ἐξ
626 1373 816 1451 οὔρεος
839 1378 918 1452 τῷ
943 1372 1152 1448 οὔνομά
1179 1377 1303 1431 ἐστι
1317 1371 1634 1449 Ὄρβηλος,
1663 1373 1813 1432 κατ-οἶ

200 1466 436 1543 γυναῖκα
463 1462 705 1538 ἑκάστην
730 1460 762 1522 ὅ
786 1463 1008 1542 γαμέων
1033 1464 1181 1538 τρεῖς
1206 1458 1483 1536 σταυροῦς
1506 1458 1811 1535 ὑπίστησι·

199 1549 396 1631 ἄγεται
423 1551 483 1610 δὲ
511 1552 747 1613 ἕκαστος
773 1549 986 1628 συχνὰς
1021 1552 1302 1630 γυναῖκας.
1348 1551 1561 1607 οἰκεῦσι
1597 1547 1658 1605 δὲ
1690 1573 1812 1607 τοι·

200 1643 366 1698 οῦτον
384 1638 613 1717 τρόπον,
638 1636 879 1714 κρατέων
906 1637 1145 1700 ἕκαστος
1172 1637 1263 1695 ἐπὶ
1286 1640 1397 1696 τῶν
1426 1636 1609 1713 ἰκρίων
1636 1636 1812 1695 καλύ-

202 1727 316 1802 βης
335 1753 399 1786 τε
416 1733 475 1788 ἐν
501 1724 542 1807 ᾖ
568 1727 858 1798 διαιτᾶται,
890 1725 981 1784 καὶ
1009 1724 1178 1800 θύρης
1205 1727 1560 1799 καταπακτῆς
1580 1723 1671 1782 διὰ
1693 1729 1814 1786 τῶν

200 1815 389 1890 ἰκρίων
428 1815 575 1876 κάτω
616 1813 901 1891 φερούσης
934 1816 990 1876 ἐς
1023 1812 1129 1888 τήν
1168 1812 1391 1889 λίμνην·
1438 1811 1511 1872 τὰ
1545 1812 1606 1870 δέ
1632 1811 1812 1887 νήπια

201 1902 395 1962 παιδία
440 1903 632 1964 δέουσι
671 1906 770 1962 τοῦ
810 1901 983 1965 ποδὸς
1013 1900 1264 1980 σπάρτῳ,
1296 1899 1376 1977 μή
1414 1902 1812 1979 κατακυλισθῇ

201 1990 590 2067 δειμαίνοντες·
662 1992 818 2049 τοῖσι
859 1989 920 2047 δὲ
960 1989 1187 2047 ἵπποισι
1228 1989 1320 2047 καὶ
1354 1990 1509 2047 τοῖσι
1544 1986 1809 2069 ύποζυγί-

198 2102 317 2136 οισι
347 2079 662 2155 παρέχουσι
692 2075 899 2154 χόρτον
940 2077 1117 2154 ἰχθῦς·
1173 2080 1284 2136 τῶν
1323 2075 1383 2134 δὲ
1422 2075 1643 2150 πλῆθός
1679 2081 1810 2137 ἐστι

197 2169 490 2235 τοσοῦτον,
547 2163 691 2223 ὥστε
738 2161 873 2223 ὅταν
923 2163 1028 2238 τήν
1082 2163 1256 2241 θύρην
1297 2162 1402 2238 τὴν
1444 2165 1810 2240 καταπακτὴν

202 2251 490 2329 ἀνακλίνῃ,
545 2251 721 2310 κατίει
784 2276 996 2330 σχοινῳ
1047 2252 1295 2327 σπυρίδα
1355 2250 1539 2325 κεινὴν
1593 2256 1648 2314 ἐς
1700 2254 1809 2328 τὴν

202 2341 423 2416 λίμνην,
453 2339 545 2398 καὶ
572 2337 637 2398 ού
665 2342 888 2399 πολλον
911 2365 1036 2398 τινα
1056 2365 1263 2418 χρονον
1283 2338 1548 2418 ἐπισχών»,
1571 2338 1808 2421 ἀνασπᾷ

197 2427 419 2504 πλήρεα
472 2427 694 2506 ἰχθύων.
776 2430 887 2487 τῶν
933 2428 994 2486 δὲ
1039 2425 1243 2505 ἰχθύων
1290 2427 1415 2487 ἐστὶ
1462 2428 1628 2508 γένεα
1686 2428 1806 2499 δύο,

197 2515 327 2579 τούς
360 2516 629 2576 καλέουσι
659 2513 958 2591 πάπρακάς
986 2541 1049 2576 τε
1084 2516 1176 2574 καὶ
1199 2516 1458 2579 τίλωνας.
1542 2515 1805 2578 Παιόνων

196 2604 307 2680 μὲν·
326 2604 393 2680 δὴ
422 2606 476 2663 οἱ
499 2603 853 2683 χειρωθέντες
877 2601 1084 2684 ἤγοντο
1112 2608 1167 2666 ἐς
1191 2603 1297 2679 τήν
1319 2602 1542 2680 Ἀσίην.

104 2689 178 2749 17
283 2691 629 2771 Μεγάβαζος
695 2690 756 2750 δὲ
824 2690 896 2753 ὥς
948 2690 1294 2770 ἐχειρώσατο
1351 2691 1483 2756 τούς
1535 2693 1803 2766 Παίονας,

201 2779 409 2854 πέμπει
424 2777 701 2858 ἀγγέλους
722 2783 777 2841 ἐς
796 2778 1151 2854 Μακεδονίην
1171 2777 1372 2856 ἄνδρας
1392 2779 1533 2839 ἑπτὰ
1553 2781 1804 2856 Πέρσας,

204 2865 258 2924 οἳ
281 2864 400 2942 μετ’
428 2864 598 2924 αὐτὸν
631 2869 810 2925 κεῖνον
845 2864 997 2941 ἦσαν
1033 2865 1402 2942 δοκιμώτατοι
1434 2872 1492 2926 ἐν
1527 2870 1604 2946 τῷ
1631 2894 1805 2945 στρα·

195 2953 429 3032 τοπέδῳ·
471 2952 787 3028 ἐπέμποντο
814 2953 874 3011 δὲ
901 2952 1056 3013 οὗτοι
1080 2954 1211 3030 παρ’
1235 2954 1516 3031 Ἀμύντην
1542 2955 1804 3031 αἰτήσον-

197 3067 287 3104 τες
310 3044 419 3122 γῆν
444 3064 506 3099 τε
533 3039 624 3099 καὶ
644 3038 787 3117 ὕδωρ
816 3041 1033 3120 Δαρείῳ
1058 3043 1314 3118 βασιλέϊ.
1381 3043 1503 3102 ἔστι
1529 3042 1590 3101 δὲ
1616 3049 1678 3102 ἐκ
1704 3050 1810 3121 τῆς

198 3119 527 3205 Πρασιάδος
571 3127 774 3204 λίμνης
812 3127 1091 3204 σύντομος
1138 3129 1315 3204 κάρτα
1362 3134 1419 3192 ἐς
1462 3128 1566 3205 τὴν
1608 3134 1808 3192 Μακε-

197 3213 400 3291 δονίην·
481 3218 676 3292 πρῶτα
739 3215 844 3291 μὲν
894 3214 1006 3292 γὰρ
1074 3216 1259 3292 ἔχεται
1310 3219 1413 3292 τῆς
1462 3217 1669 3294 λίμνης
1735 3219 1806 3301 τᾷ
