2100 3409
308 68 406 117 230
916 66 1287 115 ἭΡοΔοΤοΤ
1713 67 1928 131 [v111.

309 145 441 208 ἀλλ’
467 143 532 206 οὔ
570 143 850 225 χρήματα,
892 143 1017 205 οὔτε
1057 144 1333 223 ἠνέσχετο
1371 148 1570 256 σιγῶν
1592 145 1716 208 εἶπέ
1749 174 1828 209 τε
1873 155 1934 213 ἐς

309 234 521 299 πάντας
554 233 705 295 τάδε·
747 243 784 269 “
800 233 998 303 παπαὶ,
1035 232 1336 310 Μαρδόνιε,
1374 234 1557 298 κοίους
1591 234 1676 295 ἐπ’
1712 235 1933 313 ἄνδρας

309 322 516 433 ἤγαγες
556 321 982 401 μαχησομένους
1012 320 1206 397 ἡμέας,
1240 320 1296 380 οἲ
1337 319 1405 380 οὗ
1445 323 1576 399 περὶ
1608 323 1933 434 χρημάτων

309 411 409 473 τὸν
454 410 641 490 οἷγωνα
685 411 985 479 ποιεῦνται,
1034 407 1191 467 ἀλλὰ
1234 409 1364 485 περὶ
1407 408 1641 488 ἀρετῆς]
1738 412 1936 493 τούτω

311 501 414 574 μὲν
440 497 507 573 δή
533 501 708 557 ταῦτα
737 495 942 573 εἴρητο.

217 589 294 648 27
390 585 489 643 Ἐν
515 584 574 643 δὲ
598 588 677 664 τῷ
701 582 792 643 διὰ
820 585 1004 661 μέσου
1038 582 1238 662 χρόνῳ,
1276 584 1401 643 ἐπεί
1419 609 1483 645 τε
1512 584 1579 646 τὰ
1617 590 1677 647 ἐν
1702 593 1937 665 Θερμο-

313 672 531 750 πύλῃσι
553 675 747 749 τρῶμα
777 672 1043 753 ἐγεγόνεε,
1072 670 1271 731 αὐτίκα
1295 673 1596 733 Θεσσαλοὶ
1624 676 1936 751 πέμπουσι

313 759 522 835 κήρυκα
547 764 603 822 ἐς
628 760 864 830 Φωκέας,
893 758 991 819 ἅτε
1017 765 1131 835 σφι
1158 760 1437 838 ἐνέχοντες
1463 761 1570 820 αἰεὶ
1594 760 1782 840 χόλον
1808 763 1934 825 <ivd

312 851 379 911 δὲ·
394 852 495 907 τοῦ
520 847 764 908 ὑστάτου
788 847 1076 924 τρώματος
1103 848 1195 906 καὶ
1228 846 1294 907 vd
1332 847 1527 924 κάρτα·
1569 850 1937 925 ἐσβαλόντες

312 934 422 1016 γάρ
458 939 810 1013 πανστρατιῇ
850 934 1013 994 αὗτοί
1045 949 1109 993 ’τε
1142 936 1197 994 οἱ
1226 936 1523 995 Θεσσαλοὶ
1559 937 1650 995 καὶ
1684 940 1736 995 οἳ
1777 938 1934 1015 σ-ὗμ-

312 1047 487 1102 μαχοι
538 1021 716 1082 αὐτῶν
770 1027 825 1086 ἐς
874 1021 1004 1085 τοῦς
1046 1024 1282 1094 Φωκέας,
1328 1021 1393 1081 οὗ
1444 1027 1722 1083 πολλοῖσι
1767 1026 1935 1085 ἔτεσι

312 1109 585 1189 πρότερον
627 1109 830 1186 ταύτης
875 1114 977 1185 τῆς
1021 1111 1301 1186 βασιλέος
1340 1112 1786 1187 στρατηλασίης,
1837 1117 1933 1173 ἐσ-

314 1198 582 1275 σῶθησαν
597 1197 707 1258 {ra-<3
732 1202 844 1258 τῶν
862 1199 1092 1257 Φωκέων
1118 1197 1210 1256 καὶ
1235 1198 1625 1274 περιέφθησαν
1649 1201 1934 1279 τρηχέως·

314 1287 438 1345 ἐπεί
476 1312 541 1347 τε
584 1286 697 1368 γὰρ
746 1285 1161 1362 κατειλήθησαν
1208 1289 1263 1347 ἐς
1307 1284 1407 1345 τόν
1458 1287 1821 1364 Παρνησσόν
1879 1294 1938 1349 οἱ

315 1375 526 1437 Φωκέες
553 1375 772 1452 ἔχοντες
796 1372 996 1450 μάντιν
1014 1375 1261 1448 Τελλίην
1285 1373 1384 1433 τὸν
1407 1372 1650 1459 Ἠλεῖον,
1678 1376 1937 1437 ἐνθαῦτα

315 1459 349 1518 ὅ
367 1460 609 1535 Τελλίης
636 1457 797 1523 οὗτος
823 1461 1119 1535 σοφίζεται
1144 1459 1366 1520 αὐτοῖσι
1390 1460 1617 1521 τοιόνδε·
1645 1463 1938 1542 γυψώσας

315 1544 514 1623 ἄνδρας
582 1547 905 1616 ἑξακοσίους
969 1553 1081 1609 τῶν
1148 1550 1376 1608 Φωκέων
1440 1549 1569 1611 τούς
1632 1548 1936 1626 ἀρίστους,

314 1633 514 1698 αὐτούς
537 1660 601 1694 τε
624 1634 853 1698 τούτους
880 1638 971 1694 καὶ
996 1635 1070 1695 τὰ
1097 1634 1250 1695 ὅπλα
1278 1634 1471 1706 αὐτῶν,
1500 1636 1692 1700 νυκτὸς
1719 1641 1938 1717 ἐπεθή-

315 1748 450 1783 κατο
492 1725 644 1782 τοῖσι
692 1727 1072 1787 Θεσσαλοῖσι·
1130 1724 1401 1801 προείπας
1444 1723 1680 1794 αὐτοῖσι,
1715 1725 1833 1786 τὸν
1865 1728 1939 1789 ἂν

312 1810 394 1888 μὴ
420 1812 845 1883 λευκανθίζοντα
882 1805 1103 1871 ἴδωνται
1138 1816 1337 1872 τοῦτον
1364 1813 1605 1871 κτείνειν.
1687 1814 1940 1881 τούτους

314 1897 388 1960 ὧν
429 1901 493 1958 αἴ
527 1925 591 1959 τε
633 1900 884 1976 φυλακαὶ
925 1903 1034 1960 τῶν
1075 1904 1394 1960 Θεσσαλῶν
1440 1904 1652 1977 πρῶται
1696 1900 1940 1964 ἰδοῦσαι

312 1986 691 2063 ἐφοβήθησαν
722 1986 959 2056 δόξασαι
990 1985 1142 2045 ἄλλο
1176 2012 1232 2046 τι
1270 1987 1408 2047 εἶναι
1442 1988 1617 2064 τέρας,
1647 1988 1741 2045 καὶ
1775 1991 1938 2065 μετὰ

313 2073 412 2137 τσῖς
445 2074 702 2150 φυλακὰς
736 2075 875 2150 αὕτη
910 2073 948 2150 ἡ
986 2074 1240 2151 στρατιὴ,
1271 2073 1411 2135 οὕτω
1447 2074 1596 2134 ὥστε
1624 2099 1937 2151 τετρακισ-

312 2161 508 2270 χιλίων
552 2166 827 2238 κρατῆσαι
862 2166 1066 2241 νεκρῶν
1098 2163 1189 2220 καὶ
1225 2160 1475 2222 ἀσπίδων
1514 2162 1755 2225 Φωκέας·
1817 2171 1939 2227 τῶν

312 2272 412 2309 τας
436 2248 602 2323 μὲν“
564 2250 804 2324 ημισέας
841 2255 896 2313 ἐς
916 2249 1108 2326 Ἀβας
1144 2249 1432 2319 α’νέθεσαν,
1458 2276 1558 2313 τας
1590 2249 1648 2308 δὲ
1685 2254 1743 2314 ἐς
1775 2258 1938 2315 Δελ-

315 2332 476 2409 φους·
517 2359 554 2409 η
582 2334 641 2392 δὲ
672 2335 876 2412 δεκάτη
904 2339 1122 2417 ἐγένετο
1147 2341 1257 2397 τῶν
1281 2336 1579 2448 χρημάτων
1614 2342 1677 2396 ἐκ
1712 2340 1940 2420 ταύτης

313 2425 414 2496 τῆς
436 2419 620 2501 μάχης
646 2447 700 2481 οι
723 2423 966 2505 μεγάλοι
990 2423 1306 2501 ἀνδριάντες
1332 2427 1385 2483 οἱ
1410 2425 1537 2502 περὶ
1560 2449 1660 2484 τον
1677 2426 1941 2502 τρίποδα

313 2513 697 2582 συνεστεῶτες,
741 2511 1026 2588 ἔμπροσθε
1065 2516 1168 2571 τοῦ
1204 2516 1340 2589 νηοῦ
1373 2516 1475 2572 τοῦ
1510 2517 1567 2572 ἐν
1602 2516 1939 2587 Δελφοιο-ι·

219 2598 296 2656 28
315 2596 406 2654 καὶ
460 2598 635 2676 ἕτεροι
683 2602 929 2659 τοιοῦτοι
970 2604 1029 2659 ἐν
1058 2599 1285 2679 Ἄβῃσι
1332 2600 1639 2661 ἀνακέαται.
1726 2606 1943 2667 Ταῦτα

311 2684 416 2762 μέν
461 2711 559 2745 νυν
601 2684 701 2745 τᾶν
745 2685 916 2756 πεζὸν
969 2687 1281 2769 ἐργάσαντο
1328 2692 1439 2749 τῶν
1491 2691 1825 2766 Θεσσαλῶν
1884 2700 1943 2756 οἱ

312 2771 541 2840 Φωκέες,
583 2775 1013 2850 πολιορκέοντας
1057 2776 1303 2839 εωυτούς·
1346 2778 1719 2852 ἐσβαλοῦσαν
1763 2777 1838 2839 δὲ
1885 2787 1944 2848 ἐς

310 2857 416 2934 τήν
438 2857 625 2967 χώρην
649 2860 752 2934 τήν
786 2860 956 2920 ἵππον
982 2862 1162 2943 αυτῶν
1198 2863 1542 2942 ἐλυμήναντο
1577 2862 1943 2937 ανηκέογως-

314 2951 373 3008 ἐν
396 2972 507 3028 γαρ
530 2949 603 3024 τῇ
631 2944 924 3024 ἐσβολῇ
887 2973 926 3022 η
962 2954 1086 3009 ἐστι
1125 2977 1264 3010 κατα
1295 2951 1624 3030 Ὑάμπολιν,
1653 2954 1718 3010 ἐν
1744 2957 1945 3062 ταύτῃ

311 3034 531 3112 τάφρον
582 3032 840 3114 μεγάλην
892 3035 1198 3111 ὀρύξαντες,
1254 3037 1543 3116 οἷμφορέας
1596 3039 1825 3106 κεινοῧς
1887 3054 1947 3115 ἐς

313 3121 485 3199 αὐτὴν
511 3122 836 3198 κατέθηκαν·
875 3126 1015 3200 χοῦν
1041 3125 1101 3184 δὲ
1128 3126 1570 3203 ἐπιφορήσαντες
1596 3127 1690 3185 καὶ
1717 3137 1949 3206 ομοιω-

312 3230 512 3275 σαντες
557 3213 635 3291 τῷ
679 3207 841 3289 ἄλλῳ
883 3207 1062 3291 χώρῳ,
1109 3212 1361 3276 ἐδέκοντο
1404 3214 1534 3280 τούς
1574 3219 1950 3293 ΘεσὉ-αλοὺς
