2100 3409
195 46 488 130 ιΞσ-ιῖεῃ
912 68 1141 118 mmm.
1693 76 1791 137 ⁴111

190 146 464 224 Ἀμύριος
487 149 592 207 τοῦ
617 150 810 224 σοφοῦ
836 150 1143 229 λεγομένου
1173 146 1327 214 πάΐς·
1366 147 1521 212 οὗτοι
1557 155 1661 231 μὲν
1685 154 1801 216 α’πό

190 232 446 308 Ἰταλίης
469 232 671 310 ἦλθον.
752 240 813 294 ἐκ
839 234 900 295 δὲ
922 241 1023 295 τοῦ
1052 236 1270 298 κόλπου
1294 241 1397 298 τοῦ
1420 236 1637 309 Ἰονίου,
1661 240 1798 318 Ἀμ-

193 322 522 398 φίμνηστος
560 321 950 400 Ἐπιστρόφου
993 323 1351 402 Ἐπιδάμνιος
1365 352 1380 366 ·
1428 323 1589 389 οὗτος
1635 327 1694 386 δὲ
1741 334 1802 387 ἐκ

191 414 301 468 τοῦ
347 408 549 469 Ἰονίου
597 408 830 470 κόλπου.
911 411 1162 475 Αἶτωλὸς
1209 413 1269 470 δὲ
1316 410 1475 488 ἦλθε,
1521 413 1804 491 Τιτόρμου

191 501 298 555 τοῦ
325 496 677 574 ὑπερφύντος
700 523 763 557 τε
776 497 1068 574 Ἕλληνας
1097 500 1251 577 ἰσχύϊ
1276 501 1368 559 καὶ
1395 500 1674 582 φυγόντος
1703 501 1800 561 οἷν·

195 582 454 660 θρώπους
480 590 536 646 ἐς
560 583 661 646 τσῖς
687 585 953 663 ε’σχατισῖς
976 590 1079 661 τῆς
1103 588 1407 651 Αἰτωλίδος
1443 588 1643 667 χώρης,
1670 588 1796 649 τού-

193 695 300 730 του
339 676 442 730 τοῦ
473 670 752 749 Τιτόρμου
794 672 1070 749 ἀδελφεὸς
1108 673 1332 750 Μάλης·
1374 673 1488 734 α’πὸ
1525 677 1585 735 δὲ
1613 681 1800 736 Πελο-

193 758 505 834 ποννήσου,
560 759 827 823 Φείδωνος
876 766 977 820 τοῦ
1023 760 1293 841 .Ἀργει’ων
1344 763 1611 844 τυράννου
1665 764 1797 829 πάϊς

161 853 172 859 “
196 846 511 923 Λεωκήδης,
559 847 827 911 Φείδωνος
874 847 934 907 δὲ
976 852 1081 907 τοῦ
1125 849 1196 908 ταῖ
1238 851 1416 926 μέτρα
1457 850 1798 926 ποιήσαντος

198 934 723 1010 Πελοποννησίοισι
752 936 842 996 καὶ
867 935 1209 1012 ὑβρίσαντος
1232 939 1477 1017 μέγιστα
1502 938 1570 1014 δή
1590 938 1799 1014 Ἑλλή-

200 1046 309 1080 νων
333 1021 605 1092 ἁπάντων,
635 1022 697 1085 ὃς
724 1024 1111 1099 ἐξαναστήσας
1148 1025 1277 1087 τούς
1312 1024 1551 1086 Ἠλείων
1590 1025 1824 1107 ἅγωνο-’

186 1109 365 1171 ’θέτας
406 1110 570 1172 αὖτὸς
610 1109 709 1170 τόν
744 1115 802 1170 ἐν
825 1109 1115 1190 Ὀλυμπίῃ
1147 1110 1333 1192 άγῶνα
1375 1113 1553 1188 ἔθηκε·
1594 1114 1799 1174 τούτου

197 1221 262 1255 τε
311 1196 379 1271 δή
425 1198 570 1267 πάϊς,
620 1199 711 1256 καὶ
754 1197 1052 1274 Ἀμίαντος
1098 1199 1440 1280 Λυκούργου,
1487 1198 1696 1276 Ἀρκσῖς
1738 1206 1798 1260 ἐκ

197 1286 636 1360 Τραπεζοῦντος·
677 1287 769 1344 καὶ
792 1285 964 1361 Ἀζην
989 1291 1050 1345 ἑκ
1071 1287 1257 1344 Παίου
1283 1285 1483 1349 πόλιος
1506 1287 1795 1363 Λαφάνης,

197 1370 560 1449 Εὐφορίωνος
582 1377 685 1432 τοῦ
711 1374 1009 1449 δεξαμένου
1032 1399 1097 1433 τε
1132 1372 1227 1452 (ως
1254 1373 1426 1455 λόγος
1451 1379 1509 1434 ἐν
1533 1374 1800 1453 Ἀρκαδίῃ

197 1460 455 1540 λέγεται)
476 1461 606 1523 τούς
638 1461 1016 1537 Διοσκούρους
1057 1463 1284 1520 οἰκίοισι
1326 1462 1418 1521 καὶ
1453 1462 1565 1522 άπὸ
1598 1462 1799 1522 τούτου

112 1581 117 1586 -
198 1547 634 1615 ξεινοδοκέοντος
659 1546 871 1611 πάντας
899 1548 1237 1625 άνθροηι-ους·
1279 1552 1372 1608 καὶ
1390 1549 1617 1613 Ἠλεῖος
1640 1549 1799 1609 Ὀνο-

196 1634 421 1711 μαστὸς
445 1633 695 1715 Ἀγαίου·
739 1634 893 1695 οὗτοι
928 1639 1030 1713 μὲν
1057 1636 1126 1711 δὴ
1153 1637 1215 1706 ἐξ
1238 1635 1409 1711 αὐτῆς
1436 1635 1794 1710 Πελοποννή-

198 1747 310 1781 σου
348 1721 544 1798 ἦλθον.
630 1727 691 1782 ἐκ
737 1722 797 1782 δὲ
836 1721 1114 1798 Ἀθηνέων
1158 1724 1423 1782 ἀπίκοντο
1465 1722 1800 1802 Μεγακλέης

196 1834 263 1869 τε
287 1808 320 1869 ὅ
344 1809 728 1886 Ἀλκμαίωνος
760 1811 961 1870 τούτου
995 1814 1097 1870 τοῦ
1137 1810 1290 1886 παρὰ
1319 1812 1571 1885 Κροῖσον
1607 1808 1799 1868 άπικο-

196 1898 388 1974 μένου,
426 1900 519 1955 καὶ
560 1896 738 1961 ἄλλος
778 1897 1170 1973 Ἱπποκλείδης
1212 1896 1538 1972 Τισάνδρου,
1574 1894 1801 1976 πλούτῳ

200 1986 294 2044 καὶ
337 1985 469 2043 εἴδεϊ
507 1987 803 2063 προφέρων
845 1984 1170 2061 Ἀθηναίων.
1252 1983 1366 2044 dm?
1408 1983 1469 2042 δὲ
1498 1981 1797 2059 Ἐρετρίης,
1841 2058 1856 2074 ⁰

198 2072 478 2148 ἀνθεύσης
519 2076 715 2132 τοῦτον
760 2072 862 2133 τᾶν
906 2072 1126 2152 χρόνον,
1175 2072 1475 2147 Λυσανίης·
1531 2067 1693 2133 οὗτος
1739 2070 1800 2129 δὲ

198 2158 297 2219 ἐπ’
340 2160 594 2236 Εὐβοίης
632 2164 854 2236 μοῦνος·
937 2166 999 2220 ἐκ
1039 2162 1101 2220 δὲ
1140 2161 1468 2236 Θεσσαλίης
1505 2159 1649 2236 ἦλθε
1689 2162 1800 2219 τῶν

198 2248 536 2310 Σκοπαδέων
580 2249 945 2324 Διακτορίδης
982 2250 1317 2325 Κρανῶνιος·
1360 2254 1420 2307 ἐκ
1462 2248 1522 2308 δὲ
1563 2252 1800 2308 Μολοσ-

198 2339 323 2395 σῶν
350 2334 598 2395 Ἀλκων·
638 2341 902 2396 τοσοῦτοι
943 2339 1048 2413 μὲν
1092 2338 1344 2417 ἐγένοντο
1376 2340 1429 2395 οἱ
1463 2340 1799 2413 μνηστῆρες.

194 2422 582 2499 Ἀπικομένων
618 2423 677 2482 δὲ
711 2422 919 2483 τούτων
951 2428 1007 2486 ἐς
1035 2424 1138 2498 τὴν
1179 2425 1580 2534 προειρημένην
1619 2423 1753 2500 ἦμέ-
1780 2427 1897 2483 128

195 2535 325 2588 ρην,
352 2510 384 2569 ὁ
412 2510 764 2585 Κλεισθένης
797 2515 990 2587 πρῶτα
1021 2535 1124 2587 μεν
1149 2537 1250 2574 τας
1274 2511 1488 2588 πάτρας
1523 2537 1587 2572 τε
1624 2511 1806 2572 αὐτῶν

198 2595 511 2658 ἀνεπύθετο
552 2598 644 2656 καὶ
671 2598 832 2678 γένος
859 2596 1116 2657 ἑκάστου·
1156 2624 1299 2675 μετα
1326 2599 1400 2667 δὲ,
1430 2600 1674 2678 κατέχων
1700 2605 1803 2659 ἐνι-

199 2709 373 2744 αυτον
407 2684 720 2761 διεπειρᾶτο
757 2683 935 2745 αὐτῶν
965 2689 1068 2761 τῆς
1090 2711 1154 2745 τε
1179 2685 1546 2766 ἀνδραγαθίης
1581 2688 1673 2745 καὶ
1703 2692 1804 2763 τῆς

199 2772 393 2852 ὁργης,
424 2774 516 2831 καὶ
543 2772 866 2837 παιδεύσιός
888 2798 951 2833 τε
978 2774 1069 2831 καὶ
1093 2773 1323 2851 τρόπου·
1362 2774 1455 2832 καὶ
1480 2774 1611 2834 ἑνὶ*
1587 2773 1802 2833 εκάστω

203 2862 300 2919 ῖών
326 2865 383 2923 ἐς
408 2860 714 2935 συνουσίην
748 2861 840 2919 καὶ
876 2861 1182 2931 συνάπασι,
1211 2862 1304 2920 καὶ
1336 2866 1391 2924 ἐς
1425 2860 1710 2942 γυμνάσιά
1738 2886 1803 2919 τε

203 2947 553 3028 ἐξαγινέων”
523 2973 651 3007 οσοι
677 2948 827 3024 ἦσαν
853 2947 1034 3008 αὐτῶν
1060 2974 1330 3026 νεωτεροι,
1360 2952 1467 3018 καὶ,
1495 2949 1562 3008 τό
1599 2971 1667 3025 γε
1705 2947 1802 3020 μί·

200 3060 419 3117 γιστον,
443 3041 501 3095 ἐν
525 3041 597 3115 τῇ
625 3037 891 3115 συνεστίῃ
919 3036 1250 3113 διεπειρᾶτο·
1279 3036 1418 3095 ὅσον
1443 3035 1553 3115 γὰρ
1581 3034 1801 3106 κατεῖχε

202 3122 410 3202 χρόνον
438 3123 651 3192 αὖτὀὐς,
679 3127 879 3183 τοῦτον
904 3122 1089 3182 πάντα
1116 3125 1295 3183 ἐποίεε
1322 3123 1413 3181 καὶ
1437 3121 1554 3193 ἅμα
1580 3115 1801 3183 ἐξείνιζε

202 3211 687 3292 μεγαλοπρεπέως.
774 3211 866 3269 καὶ
898 3209 967 3286 δή
1008 3235 1107 3269 κου
1140 3210 1394 3287 μάλιστα
1418 3208 1527 3264 τῶν
1550 3198 1801 3278 μνηστή-
