2100 3409
131 87 352 151 41—46]
811 89 1180 139 HOATMNIA.
1650 92 1742 141 141

135 166 583 246 Σκάμανδρον,“
546 194 613 233 ος
637 172 854 246 πρῶτος
878 195 1146 245 ποταμων
1174 168 1299 228 ἐπεί
1316 192 1380 228 τε
1406 172 1464 228 ἐκ
1493 169 1739 245 Σαρδίων

134 253 525 331 ορμηθέντες’
499 256 870 335 επεχείρησαν
896 261 967 335 τῇ
995 256 1119 335 οδῷ,
1144 257 1375 316 ἐπέλιπε
1398 282 1464 315 το
1449 256 1731 335 ῥέεθρον,

136 341 318 400 οὐδ”
280 344 571 422 απέχρησε
609 347 683 421 τῇ
725 348 962 421 στρατιῇ
997 370 1060 402 τε
1087 345 1177 403 καὶ
1202 347 1355 406 τοῖσι
1382 343 1620 422 κτήνεσι
1646 370 1735 402 πι-

135 428 389 506 νόμενος·
443 431 536 489 ἐπὶ
578 435 778 491 τοῦτον
824 432 892 507 δή
937 432 1038 492 τὸν
1084 458 1340 509 ποταμον
1387 458 1457 494 ως
1504 430 1735 491 οἷπίκετο

134 518 409 594 Ξέρξης,’
383 544 436 582 ες
452 519 518 578 τό
541 519 807 595 Πριάμου
827 520 1135 601 Πέργαμον
1159 520 1405 596 ἇνέβη,’
1380 546 1569 597 ιμερον
1595 522 1734 599 ἔχων

136 604 474 678 θεήσασθαι·
533 605 876 682 θεησαμενος
929 608 988 666 δὲ
1041 608 1133 667 καὶ
1184 608 1493 684 πυθόμενος
1545 609 1734 668 κείνων

136 690 364 763 ἕκαστα,
390 699 462 773 τῇ
487 693 757 773 Ἀθηναίῃ
792 698 864 773 τῇ
898 694 1099 754 Ἰλιάδι
1142 696 1305 755 ἔθυσε
1343 697 1487 771 βοῦς
1524 697 1729 773 χιλίας,

133 779 274 856 χοὰς
294 781 352 840 δὲ
378 785 431 841 οἱ
455 782 630 863 μάγοι
655 785 809 842 τοῖσι
835 782 1015 860 ἥρωσι
1036 784 1283 862 ἐχέαντο·
1323 787 1498 843 ταῦτα
1525 783 1583 842 δὲ
1608 810 1727 844 ποι-

132 870 469 944 ησαμένοισι
494 868 689 933 νυκτὸς
709 870 898 947 φόβος
918 876 972 934 ἐς
990 870 1057 931 τὰ
1084 870 1463 950 στρατόπεδον
1484 871 1727 932 ἐνέπεσε·

132 952 250 1029 ἅμα
285 956 465 1037 ἤμέρῃ
507 958 567 1016 δὲ
609 958 898 1034 ἐπορεύετο
941 960 1203 1029 ἐνθεῦτεν,
1232 965 1290 1018 ἐν
1330 958 1596 1037 οἷριστερῇ
1625 963 1730 1035 μὲν

134 1039 387 1124 ἀπέργων
410 1045 679 1106 Ῥοίτειον
703 1046 872 1106 πόλιν
913 1048 1004 1105 καὶ
1029 1047 1360 1123 Ὀφρύνειον
1388 1048 1478 1104 καὶ
1506 1046 1724 1124 Δάρδα-

136 1152 244 1199 νον,
271 1131 413 1209 ἥπερ
443 1133 511 1208 δή
538 1132 763 1212 Ἀβύδῳ
789 1133 1027 1210 ὅμουρός
1055 1140 1191 1203 ἐστι,
1223 1141 1279 1192 ἐν
1316 1134 1467 1210 δεξιῇ
1508 1135 1565 1192 δὲ
1593 1136 1725 1211 Γέρ-

134 1220 293 1295 γιθας
322 1221 609 1298 Τευκρούς.

210 1305 368 1367 Ἐπεὶ
416 1308 461 1367 δ’
511 1311 765 1390 ἐγένοντο
819 1315 876 1370 ἐν
928 1308 1169 1386 Ἀβύδῳ,
1217 1307 1467 1384 ἠθέλησε
1512 1308 1722 1385 Ξέρξης
1741 1312 1820 1371 44

136 1392 350 1454 ἰδέσθαι
383 1397 566 1455 πάντα
602 1397 699 1456 τὸν
740 1396 1001 1472 στρατόν·
1046 1397 1138 1455 καὶ
1165 1397 1573 1473 προεπεποίητο
1612 1396 1722 1478 γοῖρ

136 1481 222 1539 ἐπὶ
256 1487 502 1543 κολωνοῦ
540 1485 789 1559 ἐπίτηδες
826 1483 971 1562 αὐτῷ
1008 1483 1181 1564 ταύτῃ
1221 1485 1523 1563 προεξέδρη
1559 1485 1724 1545 λίθου

133 1570 351 1629 Aemo&-
391 1573 664 1645 ἐποίησαν
706 1571 765 1631 δὲ
799 1569 1121 1647 Ἀβυδηνοὶ,
1164 1573 1547 1648 ἐντειλαμένου
1586 1572 1721 1649 πρό-

133 1679 288 1733 τερον
313 1659 611 1733 βασιλέος·
656 1659 891 1718 ἐνθαῦτα
916 1659 986 1722 ὥς
1014 1660 1175 1730 ἵζετο,
1206 1665 1453 1735 κατορῶν
1492 1660 1583 1717 ἐπὶ
1621 1663 1722 1734 τῆς

133 1741 312 1817 ἠϊόνος
350 1748 568 1823 ἐθηεῖτο
610 1748 700 1806 καὶ
739 1745 840 1808 τᾶν
873 1741 1040 1817 πεζόν
1068 1747 1158 1805 καὶ
1185 1747 1283 1808 τοὶς
1309 1747 1450 1807 νέας·
1495 1746 1721 1821 θηεύμε-

133 1855 219 1894 νος
259 1833 322 1893 δὲ
361 1835 562 1911 ἱμέρθη
586 1837 696 1893 τῶν
722 1837 857 1895 νεῶν
881 1831 1133 1909 ἅμιλλαν
1157 1835 1452 1914 γινομένην
1484 1831 1718 1892 ἰδέσθαι·

134 1922 245 1978 ἐπεὶ
273 1920 322 1979 δ’
347 1921 565 2002 ἐγένετό
590 1946 652 1981 τε
678 1922 770 1984 καὶ
797 1922 984 1981 ἐνίκων
1008 1921 1259 1982 Φοίνικες
1273 1919 1538 1989 Σιδώνιοι,
1565 1919 1718 1995 ἥσθη

130 2031 187 2065 τε
225 2012 301 2088 τῇ
332 2009 552 2088 α’μίλλῃ
591 2009 682 2067 καὶ
716 2013 788 2088 τῇ
825 2013 1083 2087 στρατιῇ·
1150 2008 1246 2071 Ὠς
1286 2008 1344 2066 δὲ
1384 2005 1499 2083 ὥρα
1535 2006 1718 2066 πάντα
1735 2010 1813 2067 45

132 2096 227 2169 μὲν
264 2096 368 2157 τᾶν
390 2096 822 2173 Ἑλλήσποντον
859 2096 969 2155 find
999 2100 1109 2156 τῶν
1140 2101 1272 2156 νεῶν
1304 2095 1716 2174 ἀποκεκρυμμέ-

132 2206 235 2255 νον,
268 2184 461 2248 vde-as-
484 2185 554 2244 ’δὲ
596 2185 696 2247 τὰς
736 2183 906 2247 οἷκτοὶς
949 2185 1041 2243 καὶ
1083 2184 1154 2243 τοὶ
1186 2183 1514 2260 ’Assvss‘qvossv
1554 2184 1717 2243 πεδία

133 2272 366 2331 ἐπίπλεα
407 2272 723 2349 ἀνθρώπων,
765 2273 1000 2332 ἐνθαῦτα
1029 2271 1241 2349 Ξέρξης
1281 2297 1480 2331 εωυτον
1517 2271 1716 2349 ἐμακά-

130 2382 268 2431 ρισε·
309 2359 452 2436 μετὰ
479 2360 539 2418 δὲ
562 2364 728 2420 τοῦτο
756 2359 1088 2436 ἐδάκρυσε..
1125 2359 1340 2419 Μαθων
1379 2360 1443 2418 δέ
1470 2386 1567 2437 μιν
1591 2360 1716 2436 Ἀρ·
1737 2362 1811 2418 46

134 2446 427 2522 τάβανος
396 2462 428 2506 ο“
454 2447 688 2525 πάτρως,
717 2474 777 2511 ος
799 2474 878 2507 το
919 2473 1140 2525 πρωτον
1163 2447 1388 2528 γνώμην
1414 2446 1716 2515 απεδέξατο

130 2536 420 2612 ἔλευθερως
447 2534 512 2594 οὗ
540 2534 948 2612 συμβουλεύων
971 2534 1153 2613 Ξερξῃ
1183 2533 1588 2610 στρατεύεσθαι
1628 2534 1718 2592 ἐπὶ

127 2622 223 2698 τὴν
265 2623 536 2696 Ἑλλάδα,
584 2622 742 2685 οὗτος
782 2623 925 2700 ὣνήρ
959 2622 1237 2700 φρασθεὶς
1275 2621 1486 2697 Ξέρξεα
1523 2621 1715 2698 δακρύ-

127 2732 301 2771 σαντα
330 2712 505 2788 εἷρετο
536 2710 685 2769 τάδε·
729 2722 763 2746 “
780 2710 824 2769 ὦ
849 2713 1118 2788 βασιλεῦ,
1147 2709 1220 2773 ὥς
1257 2707 1407 2769 πολι)
1448 2707 1717 2784 α’,λλήλων

127 2800 504 2877 κεχωρισμένα
543 2797 793 2878 ἐργάσαο
835 2803 931 2858 νῦν
971 2824 1034 2857 τε
1072 2797 1165 2856 καὶ
1195 2796 1369 2878 ὀλίγῳ
1408 2796 1713 2874 πρότερον;

124 2886 437 2962 μακαρίσας
474 2884 585 2966 γοῖρ
627 2884 871 2944 σεωυτόν
903 2883 1203 2961 δακρύειςΡ
1244 2884 1276 2945 ὁ
1303 2885 1362 2944 δὲ
1385 2884 1527 2943 εἶπε·
1569 2894 1604 2918 “
1622 2878 1715 2941 ἐσ

123 2974 260 3046 ἦλθε
299 2972 410 3053 γάρ
452 2999 525 3050 με
562 2972 940 3053 λογισάμενον
981 2976 1350 3049 κατοικτεῖραι
1391 2971 1460 3034 ὥς
1497 2968 1719 3045 βραχυς

124 3061 201 3138 εἴη
248 3087 280 3121 ο
328 3064 441 3124 πᾶἱς
493 3060 837 3138 α’νθρωπινος
882 3061 1028 3137 βίος,
1073 3064 1121 3124 εἰ
1166 3059 1374 3120 τούτων
1413 3081 1481 3138 γε
1521 3053 1717 3112 ἐόντων

121 3151 400 3211 τοσούτων
440 3149 669 3213 οὖδεὶς’
643 3174 698 3213 ες
725 3146 1026 3210 ἔκατοστόν
1067 3148 1187 3211 ἔτος
1220 3139 1557 3223 περιέσται·
1599 3137 1629 3195 ὁ
1658 3136 1717 3194 δὲ

123 3237 386 3361 σ’,Ιμΐείβετο
413 3240 611 3313 λέγων·
652 3248 689 3275 “
707 3236 1091 3316 ἔτερα,τοῦτου
1121 3234 1276 3311 παρὰ
1313 3231 1415 3304 τήν
1455 3226 1587 3300 ζθην
1621 3248 1717 3282 πε·

194 3322 339 3368 ι--12
