2100 3409
154 75 387 141 79—82]
786 77 1163 129 KAAAlonH.
1551 64 1560 71 ’
1673 85 1767 133 319

156 157 362 220 κλίνας
393 180 457 215 τε
488 154 824 235 ἐπιχρύσους
868 159 960 218 καὶ
1003 146 1359 240 ἐπαργύρους,
1401 161 1675 239 κρητῆράς
1708 187 1771 222 τε

155 245 458 324 χρυσέους,
489 244 581 301 καὶ
618 242 828 319 φιάλας
857 271 921 305 τε
963 247 1056 304 καὶ
1091 245 1244 305 ἅλλα
1278 246 1591 323 ἐκπώματα·
1633 248 1769 308 σάκ-

159 359 296 396 κους
349 357 412 391 τε
469 330 552 390 ἐπ’
600 331 851 408 ἁμαξέων
906 333 1178 411 εὕρισκον,
1235 340 1293 395 ἐν
1336 338 1489 394 τοῖσι
1531 337 1770 412 λέβητες

158 422 466 497 ἐφαίνοντο
493 418 733 484 ἐνεόντες
760 423 998 499 χρύσεοί
1027 448 1089 481 τε
1126 424 1219 482 καὶ
1254 423 1532 504 ἀργύρεοι·
1572 422 1686 484 ἀπό
1709 450 1772 484 τε

156 513 277 569 τῶν
304 507 564 584 κειμένων
592 512 795 584 νεκρῶν
823 507 1125 570 ἐσκύλευον
1152 510 1326 588 ψέλιά
1355 537 1418 572 τε
1445 511 1536 571 καὶ
1567 537 1769 589 στρεπ-

156 596 308 668 τοῦς,
369 596 460 654 καὶ
510 595 639 657 τούς
693 594 995 666 ἅκινάκεας,
1053 597 1240 662 ἐόντας
1293 600 1583 677 χρυσέους·
1653 600 1773 660 ἐπεὶ

159 685 409 760 ἐσθῆτός
448 709 516 765 γε
556 685 813 760 ποικίλης
855 685 1027 764 λόγος
1083 687 1291 765 ἐγίνετο
1333 687 1458 746 οὐδὲ
1513 689 1606 752 εἷς.
1690 693 1770 748 ἐν·

159 775 359 837 θαῦτα,
393 771 588 830 πολλοὶ
633 775 737 847 μὲν
785 773 1116 835 κλέπτοντες
1163 773 1408 834 ἐπώλεον
1454 775 1594 852 πρὸς
1644 774 1773 839 τούς

158 859 467 940 Αἰγινήτας
511 863 564 918 οἱ
606 860 840 930 εἵλωτες,
883 860 1079 919 πολλοὶ
1126 860 1186 920 δὲ
1225 863 1318 921 καὶ
1357 861 1770 933 ἀπεδείκνυσαν,

158 946 278 1007 ὅσα
307 947 513 1007 αὐτέων
541 946 640 1006 οὔκ
675 947 764 1007 οἷά
799 974 862 1007 τε
893 947 963 1023 ἦν
1000 948 1222 1026 κρύψαι·
1266 948 1413 1009 ὥστε
1439 950 1772 1031 Αἰγινήτῃσι

160 1039 216 1094 οἱ
244 1034 489 1115 μεγάλοι
520 1038 756 1094 πλοῦτοι
794 1035 974 1113 ἀρχὴν
1012 1038 1260 1097 ἐνθεῦτεν
1299 1039 1567 1118 ἐγένοντο,
1596 1038 1649 1098 οἳ
1673 1038 1772 1098 τόν

155 1121 399 1201 χρυσὸν,
428 1121 527 1182 ἅτε
555 1120 715 1182 ἐόντα
741 1121 961 1201 χαλκὸν
989 1123 1171 1198 δῆθεν,
1194 1125 1345 1202 παρὰ
1370 1129 1480 1183 τῶν
1508 1128 1773 1184 εἱλωτέων

158 1208 418 1270 ὠνέοντο.
504 1211 982 1289 Συμφορήσαντες
1010 1211 1070 1269 δὲ
1096 1213 1167 1270 τὰ
1193 1211 1472 1290 χρήματα,
1501 1213 1592 1270 καὶ
1618 1211 1770 1271 δεκά-
1788 1214 1862 1272 81

156 1323 266 1373 την
296 1297 577 1366 ἐξελόντες
608 1303 684 1376 τῷ
722 1304 779 1358 ἐν
809 1301 1099 1373 Δελφοῖσι
1128 1300 1248 1377 θεῷ,
1278 1299 1372 1357 ἀπ’
1397 1296 1465 1376 ἧς
1492 1299 1523 1358 ὅ
1548 1300 1769 1374 τρίπους

160 1385 195 1445 ὅ
231 1384 474 1463 χρύσεος
506 1384 750 1462 ἀνετέθη,
781 1386 813 1446 ὁ
851 1387 942 1445 ἐπὶ
976 1390 1078 1446 τοῦ
1117 1386 1447 1464 τρικαρήνου
1479 1386 1641 1463 ὄφιος
1665 1390 1767 1447 τοῦ

158 1473 415 1553 χαλκέου
457 1472 728 1536 ἐπεστεὼς
770 1472 1018 1555 ἄγχιστα
1057 1479 1160 1534 τοῦ
1197 1478 1417 1552 βωμοῦ·
1466 1477 1558 1534 καὶ
1597 1478 1674 1556 τῷ
1712 1480 1771 1535 ἐν

157 1559 454 1639 Ὀλυμπίῃ
489 1562 595 1640 θεῷ
632 1561 928 1631 ἐξελόντες,
958 1561 1053 1620 ἀπ’
1079 1560 1146 1636 ἧς
1182 1563 1495 1641 δεκάπηχυν
1528 1563 1771 1641 χάλκεον

162 1649 282 1707 Δία
320 1648 609 1724 ἀνέθηκαν·
655 1650 746 1707 καὶ
781 1653 858 1727 τῷ
894 1655 951 1708 ἐν
985 1648 1199 1728 Ἰσθμῷ
1236 1651 1354 1727 θεῷ,
1386 1649 1479 1707 ἀπ’
1506 1647 1573 1724 ἧς
1610 1648 1798 1708 ἐπτά-’

159 1762 350 1814 πηχυς
363 1736 604 1814 χάλκεος
619 1737 938 1797 Ποσειδέων
956 1737 1250 1818 ἐξεγένετο·
1278 1740 1454 1795 ταῦτα
1475 1736 1770 1807 ἐξελόντες,

159 1825 236 1884 τά
275 1824 452 1884 λοιπσῖ
493 1824 812 1902 διαιρέοντο,
848 1825 940 1883 καὶ
978 1825 1191 1900 ἔλαβον
1230 1824 1457 1882 ἔκαστοι
1481 1827 1590 1882 τῶν
1626 1823 1772 1892 ἄξιοι

160 1910 333 1988 ἦσαν,
384 1914 476 1971 καὶ
528 1912 627 1976 τὰς
678 1911 978 1974 παλλακὰς
1028 1915 1140 1971 τῶν
1192 1915 1475 1988 Περσέων,
1531 1911 1622 1970 καὶ
1671 1913 1771 1973 τόν

159 2000 400 2079 χρυσόν,
430 2001 521 2059 καὶ
546 2000 645 2060 τὸν
682 2000 938 2080 ἄργυρον,
980 2001 1073 2058 καὶ
1111 1997 1263 2058 ἄλλα
1292 1999 1554 2077 χρήματά
1590 2026 1652 2059 τε
1678 2001 1771 2060 καὶ

159 2087 452 2168 ὑποζύγια.
540 2087 653 2149 ὅσα
677 2091 781 2165 μέν
808 2113 904 2147 νυν
937 2089 1189 2164 ἐξαίρετα
1219 2091 1372 2147 τοῖσι
1399 2086 1772 2163 ἀριστεύσασι

163 2176 375 2236 αὗτέων
403 2181 461 2235 ἐν
493 2180 828 2254 Πλαταιῇσι
861 2176 1040 2252 ἐδόθη,
1074 2175 1138 2235 οὗ
1179 2176 1404 2256 λέγεται
1435 2174 1573 2251 πρὸς
1614 2174 1770 2234 οὖδα-

161 2267 306 2340 μῶν·
336 2263 505 2323 δοκέω
530 2263 577 2322 δ’
600 2265 769 2345 ἔγωγε
798 2264 890 2322 καὶ
915 2264 1167 2322 τούτοισι
1194 2263 1441 2339 δοθῆναι·
1473 2265 1769 2344 Παυσανίῃ

163 2351 226 2410 δὲ
245 2350 432 2410 πάντα
452 2351 583 2411 δέκα
605 2353 860 2427 ἐξαιρέθη
887 2377 948 2419 τε
976 2352 1070 2410 καὶ
1091 2350 1278 2427 ἐδόθη,
1298 2355 1566 2432 γυναῖκες,
1592 2353 1768 2424 ἵπποι,

162 2439 433 2508 τάλαντα,
476 2439 735 2515 κάμηλοι,
779 2438 850 2502 ὣς
888 2438 948 2497 δὲ
989 2438 1164 2502 αὔτως
1203 2440 1295 2497 καὶ
1332 2439 1405 2498 τοὶ
1445 2439 1599 2497 ἄλλα
1637 2440 1773 2517 χρή-

161 2552 340 2603 ματα.
422 2527 660 2607 Λέγεται
701 2527 759 2585 δὲ
815 2527 907 2585 καὶ
943 2526 1077 2585 τάδε
1114 2526 1397 2605 γενέσθαι·
1453 2524 1523 2587 ὦς
1562 2527 1771 2600 Ξέρξης
1787 2529 1862 2586 82

165 2614 391 2695 φεύγων
419 2619 478 2673 ἐκ
513 2619 614 2690 τῆς
642 2614 922 2677 Ἑλλάδος
958 2613 1255 2692 Μαρδονίῳ
1290 2612 1394 2688 τήν
1427 2612 1773 2688 κατασκευὴν

166 2703 473 2762 καταλίποι
511 2703 615 2777 τὴν
656 2706 874 2760 ἑωυτοῦ·
918 2702 1251 2776 Παυσανίην
1284 2699 1372 2772 ὧν,
1402 2698 1632 2776 ὅρέοντα
1669 2700 1773 2777 τὴν

165 2789 494 2866 Μαρδονίου
548 2785 912 2865 κατασκευὴν
941 2793 1135 2867 χρυσῷ
1187 2813 1249 2848 τε
1290 2789 1384 2847 καὶ
1421 2786 1639 2869 οἷργύρῳ
1680 2790 1772 2848 καὶ

167 2877 654 2955 παραπετάσμασι
679 2877 991 2935 ποικίλοισι
1018 2876 1560 2951 κατασκευασμένην,
1589 2879 1774 2934 κελεῦ·

167 2991 270 3025 σαι
310 2964 440 3028 τούς
477 2992 540 3025 τε
580 2964 922 3043 ἀρτοκόπους
963 2964 1055 3022 καὶ
1106 2963 1236 3026 τοῦς
1281 2963 1584 3041 ὄψοποιούς
1631 2961 1772 3020 κατοὶ

166 3052 347 3114 ταῦτοὶ
388 3053 567 3116 καθῶς
606 3052 903 3130 Μαρδονίῳ
945 3051 1165 3110 δεῖπνον
1203 3047 1659 3127 παρασκευάζειν·
1702 3047 1774 3110 ὦς

168 3143 230 3201 δὲ
289 3141 640 3218 κελευόμενοι
694 3137 848 3199 οὗτοι
892 3139 1109 3198 ἐποίευν
1152 3142 1342 3210 ταῦτα,
1390 3135 1624 3194 ἐνθαῦτα
1668 3133 1768 3192 τὸν

169 3227 524 3303 Παυσανίην,
557 3226 744 3287 ἰδόντα
775 3225 966 3287 κλίνας
993 3248 1057 3282 τε
1091 3223 1338 3301 χρυσέας
1374 3220 1466 3280 καὶ
1505 3218 1773 3295 ἀργυρέας
