<?xml version="1.0" encoding="UTF-8"?>
<!DOCTYPE html PUBLIC "-//W3C//DTD XHTML 1.0 Transitional//EN"
    "http://www.w3.org/TR/xhtml1/DTD/xhtml1-transitional.dtd">
<html xmlns="http://www.w3.org/1999/xhtml" xml:lang="en" lang="en">
 <head>
  <title>
</title>
<meta http-equiv="Content-Type" content="text/html;charset=utf-8" />
  <meta name='ocr-system' content='tesseract 3.04.00' />
  <meta name='ocr-capabilities' content='ocr_page ocr_carea ocr_par ocr_line ocrx_word'/>
</head>
<body>
  <div class='ocr_page' id='page_1' title='image "./herodotus00unkngoog_0032.png"; bbox 0 0 2100 3409; ppageno 0'>
   <div class='ocr_carea' id='block_1_1' title="bbox 164 70 1892 3304">
    <p class='ocr_par' dir='ltr' id='par_1_1' title="bbox 277 70 1892 316">
     <span class='ocr_line' id='line_1_1' title="bbox 280 70 1886 138; baseline 0.001 -14"><span class='ocrx_word' id='word_1_1' title='bbox 280 77 344 124; x_wconf 86' lang='lat'>20</span> <span class='ocrx_word' id='word_1_2' title='bbox 888 70 1255 121; x_wconf 68' lang='grc' dir='ltr'>ἮΡοΔοτοτ</span> <span class='ocrx_word' id='word_1_3' title='bbox 1484 74 1492 104; x_wconf 79' lang='lat'>1</span> <span class='ocrx_word' id='word_1_4' title='bbox 1787 73 1886 138; x_wconf 83' lang='lat' dir='ltr'>[V.</span> 
     </span>
     <span class='ocr_line' id='line_1_2' title="bbox 279 148 1892 230; baseline 0.002 -20"><span class='ocrx_word' id='word_1_5' title='bbox 279 150 524 227; x_wconf 74' lang='grc' dir='ltr'>ἑκάτεροι</span> <span class='ocrx_word' id='word_1_6' title='bbox 561 148 742 211; x_wconf 80' lang='grc' dir='ltr'>αὖτιῦν</span> <span class='ocrx_word' id='word_1_7' title='bbox 765 149 1042 227; x_wconf 77' lang='grc' dir='ltr'>μαρτύρια</span> <span class='ocrx_word' id='word_1_8' title='bbox 1067 148 1496 226; x_wconf 77' lang='grc' dir='ltr'>ἀποφαίνονται·</span> <span class='ocrx_word' id='word_1_9' title='bbox 1524 149 1617 211; x_wconf 79' lang='grc' dir='ltr'>καὶ</span> <span class='ocrx_word' id='word_1_10' title='bbox 1640 151 1892 230; x_wconf 85' lang='grc' dir='ltr'>πάρεστι</span> 
     </span>
     <span class='ocr_line' id='line_1_3' title="bbox 277 236 1889 316; baseline 0.001 -17"><span class='ocrx_word' id='word_1_11' title='bbox 277 238 594 315; x_wconf 74' lang='grc' dir='ltr'>ὁκοτέροισί</span> <span class='ocrx_word' id='word_1_12' title='bbox 606 263 692 302; x_wconf 88' lang='grc' dir='ltr'>τις</span> <span class='ocrx_word' id='word_1_13' title='bbox 717 238 966 298; x_wconf 75' lang='grc' dir='ltr'>πείθεται</span> <span class='ocrx_word' id='word_1_14' title='bbox 998 236 1195 307; x_wconf 74' lang='grc' dir='ltr'>αὐτῶν,</span> <span class='ocrx_word' id='word_1_15' title='bbox 1212 237 1465 298; x_wconf 79' lang='grc' dir='ltr'>τούτοισι</span> <span class='ocrx_word' id='word_1_16' title='bbox 1481 240 1889 316; x_wconf 78' lang='grc' dir='ltr'>προσχωρέειν.</span> 
     </span>
    </p>

    <p class='ocr_par' dir='ltr' id='par_1_2' title="bbox 178 324 1888 1372">
     <span class='ocr_line' id='line_1_4' title="bbox 178 324 1887 405; baseline 0.001 -19"><span class='ocrx_word' id='word_1_17' title='bbox 178 328 257 386; x_wconf 81' lang='grc'>46</span> <span class='ocrx_word' id='word_1_18' title='bbox 278 327 591 391; x_wconf 89' lang='grc' dir='ltr'>Συνέπλεον</span> <span class='ocrx_word' id='word_1_19' title='bbox 616 326 678 385; x_wconf 83' lang='grc' dir='ltr'>δὲ</span> <span class='ocrx_word' id='word_1_20' title='bbox 706 326 912 403; x_wconf 82' lang='grc' dir='ltr'>Δωριέῖ</span> <span class='ocrx_word' id='word_1_21' title='bbox 939 326 1031 386; x_wconf 84' lang='grc' dir='ltr'>καὶ</span> <span class='ocrx_word' id='word_1_22' title='bbox 1057 324 1228 383; x_wconf 77' lang='grc' dir='ltr'>ἄλλοι</span> <span class='ocrx_word' id='word_1_23' title='bbox 1263 325 1602 405; x_wconf 83' lang='grc' dir='ltr'>συγκτίσται</span> <span class='ocrx_word' id='word_1_24' title='bbox 1638 328 1887 404; x_wconf 79' lang='grc' dir='ltr'>Σπαρτι-</span> 
     </span>
     <span class='ocr_line' id='line_1_5' title="bbox 272 412 1888 491; baseline 0.001 -18"><span class='ocrx_word' id='word_1_25' title='bbox 272 415 460 490; x_wconf 87' lang='grc' dir='ltr'>ητέων,</span> <span class='ocrx_word' id='word_1_26' title='bbox 502 414 805 477; x_wconf 75' lang='grc' dir='ltr'>Θεσσαλός</span> <span class='ocrx_word' id='word_1_27' title='bbox 844 414 936 472; x_wconf 85' lang='grc' dir='ltr'>καὶ</span> <span class='ocrx_word' id='word_1_28' title='bbox 976 412 1350 491; x_wconf 80' lang='grc' dir='ltr'>Παραιβάτης</span> <span class='ocrx_word' id='word_1_29' title='bbox 1392 414 1485 471; x_wconf 83' lang='grc' dir='ltr'>καὶ</span> <span class='ocrx_word' id='word_1_30' title='bbox 1528 414 1750 490; x_wconf 81' lang='grc' dir='ltr'>Κελέης</span> <span class='ocrx_word' id='word_1_31' title='bbox 1790 416 1888 475; x_wconf 84' lang='grc' dir='ltr'>καὶ</span> 
     </span>
     <span class='ocr_line' id='line_1_6' title="bbox 271 500 1888 581; baseline 0.002 -20"><span class='ocrx_word' id='word_1_32' title='bbox 271 501 585 579; x_wconf 75' lang='grc' dir='ltr'>Εὐρυλέων·</span> <span class='ocrx_word' id='word_1_33' title='bbox 628 501 682 560; x_wconf 80' lang='grc' dir='ltr'>οἳ</span> <span class='ocrx_word' id='word_1_34' title='bbox 724 503 847 561; x_wconf 82' lang='grc' dir='ltr'>ἐπεί</span> <span class='ocrx_word' id='word_1_35' title='bbox 877 526 938 560; x_wconf 89' lang='grc' dir='ltr'>τε</span> <span class='ocrx_word' id='word_1_36' title='bbox 973 500 1241 561; x_wconf 71' lang='grc' dir='ltr'>ἀπίκοντο</span> <span class='ocrx_word' id='word_1_37' title='bbox 1275 501 1444 560; x_wconf 86' lang='grc' dir='ltr'>παντὶ</span> <span class='ocrx_word' id='word_1_38' title='bbox 1478 501 1669 581; x_wconf 75' lang='grc' dir='ltr'>στόλῳ</span> <span class='ocrx_word' id='word_1_39' title='bbox 1698 506 1755 565; x_wconf 81' lang='grc' dir='ltr'>ἐς</span> <span class='ocrx_word' id='word_1_40' title='bbox 1779 504 1888 580; x_wconf 78' lang='grc' dir='ltr'>τήν</span> 
     </span>
     <span class='ocr_line' id='line_1_7' title="bbox 273 588 1882 668; baseline -0.001 -21"><span class='ocrx_word' id='word_1_41' title='bbox 273 590 549 665; x_wconf 81' lang='grc' dir='ltr'>Σικελίην,</span> <span class='ocrx_word' id='word_1_42' title='bbox 584 588 867 649; x_wconf 76' lang='grc' dir='ltr'>’ἀπέθανον</span> <span class='ocrx_word' id='word_1_43' title='bbox 909 589 1067 668; x_wconf 85' lang='grc' dir='ltr'>μάχῃ</span> <span class='ocrx_word' id='word_1_44' title='bbox 1110 589 1449 651; x_wconf 80' lang='grc' dir='ltr'>ἑσσωθέντες</span> <span class='ocrx_word' id='word_1_45' title='bbox 1492 588 1604 649; x_wconf 83' lang='grc' dir='ltr'>ὖπό</span> <span class='ocrx_word' id='word_1_46' title='bbox 1642 615 1706 649; x_wconf 89' lang='grc' dir='ltr'>τε</span> <span class='ocrx_word' id='word_1_47' title='bbox 1748 598 1882 650; x_wconf 54' lang='grc' dir='ltr'>Φοι,</span> 
     </span>
     <span class='ocr_line' id='line_1_8' title="bbox 276 674 1886 759; baseline 0.002 -24"><span class='ocrx_word' id='word_1_48' title='bbox 276 677 439 736; x_wconf 87' lang='grc' dir='ltr'>νίκων</span> <span class='ocrx_word' id='word_1_49' title='bbox 470 679 561 736; x_wconf 86' lang='grc' dir='ltr'>καὶ</span> <span class='ocrx_word' id='word_1_50' title='bbox 595 676 953 759; x_wconf 82' lang='grc' dir='ltr'>Ἐγεσταίων·</span> <span class='ocrx_word' id='word_1_51' title='bbox 995 681 1200 753; x_wconf 83' lang='grc' dir='ltr'>μοῦνος</span> <span class='ocrx_word' id='word_1_52' title='bbox 1235 676 1298 735; x_wconf 85' lang='grc' dir='ltr'>δέ</span> <span class='ocrx_word' id='word_1_53' title='bbox 1330 701 1399 757; x_wconf 90' lang='grc' dir='ltr'>γε</span> <span class='ocrx_word' id='word_1_54' title='bbox 1433 674 1735 753; x_wconf 69' lang='grc' dir='ltr'>Εὐρυλέων</span> <span class='ocrx_word' id='word_1_55' title='bbox 1768 682 1886 739; x_wconf 80' lang='grc' dir='ltr'>τῶν</span> 
     </span>
     <span class='ocr_line' id='line_1_9' title="bbox 273 762 1879 845; baseline 0 -21"><span class='ocrx_word' id='word_1_56' title='bbox 273 762 653 845; x_wconf 82' lang='grc' dir='ltr'>συγκτιστέων</span> <span class='ocrx_word' id='word_1_57' title='bbox 696 765 1042 845; x_wconf 83' lang='grc' dir='ltr'>περιεγένετο</span> <span class='ocrx_word' id='word_1_58' title='bbox 1087 763 1285 824; x_wconf 78' lang='grc' dir='ltr'>τούτου</span> <span class='ocrx_word' id='word_1_59' title='bbox 1323 767 1424 824; x_wconf 87' lang='grc' dir='ltr'>τοῦ</span> <span class='ocrx_word' id='word_1_60' title='bbox 1465 762 1689 827; x_wconf 79' lang='grc' dir='ltr'>πάθεος·</span> <span class='ocrx_word' id='word_1_61' title='bbox 1735 770 1879 825; x_wconf 55' lang='grc' dir='ltr'>συλκ</span> 
     </span>
     <span class='ocr_line' id='line_1_10' title="bbox 270 850 1885 931; baseline -0.001 -19"><span class='ocrx_word' id='word_1_62' title='bbox 270 851 469 929; x_wconf 63' lang='grc' dir='ltr'>λαβών</span> <span class='ocrx_word' id='word_1_63' title='bbox 509 852 570 912; x_wconf 78' lang='grc' dir='ltr'>δὲ</span> <span class='ocrx_word' id='word_1_64' title='bbox 610 850 770 915; x_wconf 84' lang='grc' dir='ltr'>οὗτος</span> <span class='ocrx_word' id='word_1_65' title='bbox 806 857 908 927; x_wconf 81' lang='grc' dir='ltr'>τῆς</span> <span class='ocrx_word' id='word_1_66' title='bbox 947 855 1215 929; x_wconf 78' lang='grc' dir='ltr'>στρατιῆς</span> <span class='ocrx_word' id='word_1_67' title='bbox 1251 851 1382 914; x_wconf 81' lang='grc' dir='ltr'>τοῦς</span> <span class='ocrx_word' id='word_1_68' title='bbox 1410 853 1885 931; x_wconf 70' lang='grc' dir='ltr'>1περιγενο],ι,ε’νους</span> 
     </span>
     <span class='ocr_line' id='line_1_11' title="bbox 271 937 1878 1019; baseline 0.001 -21"><span class='ocrx_word' id='word_1_69' title='bbox 271 940 406 1019; x_wconf 83' lang='grc' dir='ltr'>ἔσχε</span> <span class='ocrx_word' id='word_1_70' title='bbox 447 940 677 1015; x_wconf 77' lang='grc' dir='ltr'>Μινώην</span> <span class='ocrx_word' id='word_1_71' title='bbox 712 939 817 1015; x_wconf 73' lang='grc' dir='ltr'>τὴν</span> <span class='ocrx_word' id='word_1_72' title='bbox 853 940 1227 1004; x_wconf 81' lang='grc' dir='ltr'>Σελινουσίων</span> <span class='ocrx_word' id='word_1_73' title='bbox 1265 937 1539 1014; x_wconf 71' lang='grc' dir='ltr'>ἀποικίην,</span> <span class='ocrx_word' id='word_1_74' title='bbox 1582 940 1675 998; x_wconf 86' lang='grc' dir='ltr'>καὶ</span> <span class='ocrx_word' id='word_1_75' title='bbox 1717 965 1878 1000; x_wconf 66' lang='grc' dir='ltr'>συνε·</span> 
     </span>
     <span class='ocr_line' id='line_1_12' title="bbox 269 1019 1879 1110; baseline 0.002 -25"><span class='ocrx_word' id='word_1_76' title='bbox 269 1029 555 1110; x_wconf 76' lang='grc' dir='ltr'>λευθέρου</span> <span class='ocrx_word' id='word_1_77' title='bbox 574 1028 966 1092; x_wconf 80' lang='grc' dir='ltr'>Σελινουσίους</span> <span class='ocrx_word' id='word_1_78' title='bbox 1000 1031 1102 1087; x_wconf 84' lang='grc' dir='ltr'>τοῦ</span> <span class='ocrx_word' id='word_1_79' title='bbox 1141 1026 1460 1105; x_wconf 75' lang='grc' dir='ltr'>μουνάρχου</span> <span class='ocrx_word' id='word_1_80' title='bbox 1494 1019 1879 1107; x_wconf 83' lang='grc' dir='ltr'>Πειθαγόρεω·</span> 
     </span>
     <span class='ocr_line' id='line_1_13' title="bbox 267 1113 1876 1195; baseline 0.001 -21"><span class='ocrx_word' id='word_1_81' title='bbox 267 1115 410 1191; x_wconf 85' lang='grc' dir='ltr'>μετοὶ</span> <span class='ocrx_word' id='word_1_82' title='bbox 436 1115 510 1189; x_wconf 86' lang='grc' dir='ltr'>δὲ,</span> <span class='ocrx_word' id='word_1_83' title='bbox 543 1114 616 1178; x_wconf 73' lang='grc' dir='ltr'>ὥς</span> <span class='ocrx_word' id='word_1_84' title='bbox 638 1119 840 1175; x_wconf 69' lang='grc' dir='ltr'>τοῦτον</span> <span class='ocrx_word' id='word_1_85' title='bbox 876 1118 1115 1184; x_wconf 84' lang='grc' dir='ltr'>κατεῖλε,</span> <span class='ocrx_word' id='word_1_86' title='bbox 1144 1113 1309 1177; x_wconf 70' lang='grc' dir='ltr'>αὐτὸς</span> <span class='ocrx_word' id='word_1_87' title='bbox 1340 1114 1621 1191; x_wconf 83' lang='grc' dir='ltr'>τυραννίδι</span> <span class='ocrx_word' id='word_1_88' title='bbox 1659 1118 1876 1195; x_wconf 87' lang='grc' dir='ltr'>ἐπεχεί-</span> 
     </span>
     <span class='ocr_line' id='line_1_14' title="bbox 265 1201 1875 1281; baseline 0.001 -19"><span class='ocrx_word' id='word_1_89' title='bbox 265 1229 410 1279; x_wconf 86' lang='grc' dir='ltr'>ρησε</span> <span class='ocrx_word' id='word_1_90' title='bbox 451 1204 826 1274; x_wconf 81' lang='grc' dir='ltr'>Σελινοῦντος,</span> <span class='ocrx_word' id='word_1_91' title='bbox 856 1204 949 1262; x_wconf 84' lang='grc' dir='ltr'>καὶ</span> <span class='ocrx_word' id='word_1_92' title='bbox 985 1201 1371 1281; x_wconf 80' lang='grc' dir='ltr'>ἐμουνάρχησε</span> <span class='ocrx_word' id='word_1_93' title='bbox 1405 1201 1610 1280; x_wconf 88' lang='grc' dir='ltr'>χρόνον</span> <span class='ocrx_word' id='word_1_94' title='bbox 1641 1202 1729 1263; x_wconf 83' lang='grc' dir='ltr'>ἐπ’</span> <span class='ocrx_word' id='word_1_95' title='bbox 1756 1205 1875 1264; x_wconf 86' lang='grc' dir='ltr'>όλί-</span> 
     </span>
     <span class='ocr_line' id='line_1_15' title="bbox 264 1289 1876 1372; baseline 0.002 -22"><span class='ocrx_word' id='word_1_96' title='bbox 264 1317 386 1371; x_wconf 87' lang='grc' dir='ltr'>γον·</span> <span class='ocrx_word' id='word_1_97' title='bbox 410 1295 463 1350; x_wconf 83' lang='grc' dir='ltr'>οἱ</span> <span class='ocrx_word' id='word_1_98' title='bbox 475 1292 586 1372; x_wconf 87' lang='grc' dir='ltr'>γάρ</span> <span class='ocrx_word' id='word_1_99' title='bbox 600 1317 698 1368; x_wconf 90' lang='grc' dir='ltr'>μιν</span> <span class='ocrx_word' id='word_1_100' title='bbox 725 1292 1081 1355; x_wconf 86' lang='grc' dir='ltr'>Σελινοῦσιοι</span> <span class='ocrx_word' id='word_1_101' title='bbox 1109 1290 1517 1353; x_wconf 72' lang='grc' dir='ltr'>ἐπαναστάντες</span> <span class='ocrx_word' id='word_1_102' title='bbox 1543 1289 1876 1353; x_wconf 71' lang='grc' dir='ltr'>ἀπέκτειναν</span> 
     </span>
    </p>

    <p class='ocr_par' dir='ltr' id='par_1_3' title="bbox 173 1377 1874 1986">
     <span class='ocr_line' id='line_1_16' title="bbox 173 1377 1874 1459; baseline 0.003 -23"><span class='ocrx_word' id='word_1_103' title='bbox 173 1377 248 1437; x_wconf 84' lang='grc'>47</span> <span class='ocrx_word' id='word_1_104' title='bbox 268 1379 662 1459; x_wconf 83' lang='grc' dir='ltr'>καταφυγόντα</span> <span class='ocrx_word' id='word_1_105' title='bbox 722 1379 814 1437; x_wconf 85' lang='grc' dir='ltr'>ἐπὶ</span> <span class='ocrx_word' id='word_1_106' title='bbox 861 1378 1001 1440; x_wconf 73' lang='grc' dir='ltr'>Διὸς</span> <span class='ocrx_word' id='word_1_107' title='bbox 1048 1377 1316 1459; x_wconf 74' lang='grc' dir='ltr'>ἀγοραίου</span> <span class='ocrx_word' id='word_1_108' title='bbox 1364 1377 1581 1456; x_wconf 86' lang='grc' dir='ltr'>βωμόν.</span> <span class='ocrx_word' id='word_1_109' title='bbox 1664 1380 1874 1444; x_wconf 84' lang='grc' dir='ltr'>Συνέσ-</span> 
     </span>
     <span class='ocr_line' id='line_1_17' title="bbox 265 1465 1872 1542; baseline 0.002 -19"><span class='ocrx_word' id='word_1_110' title='bbox 265 1490 402 1525; x_wconf 89' lang='grc' dir='ltr'>πετο</span> <span class='ocrx_word' id='word_1_111' title='bbox 434 1465 494 1524; x_wconf 85' lang='grc' dir='ltr'>δὲ</span> <span class='ocrx_word' id='word_1_112' title='bbox 528 1466 736 1542; x_wconf 82' lang='grc' dir='ltr'>Δωριέῖ</span> <span class='ocrx_word' id='word_1_113' title='bbox 767 1466 859 1525; x_wconf 86' lang='grc' dir='ltr'>καὶ</span> <span class='ocrx_word' id='word_1_114' title='bbox 893 1466 1241 1526; x_wconf 83' lang='grc' dir='ltr'>συναπέθανε</span> <span class='ocrx_word' id='word_1_115' title='bbox 1271 1467 1553 1529; x_wconf 63' lang='grc' dir='ltr'>Φιλιππος</span> <span class='ocrx_word' id='word_1_116' title='bbox 1587 1465 1620 1527; x_wconf 80' lang='grc' dir='ltr'>ὅ</span> <span class='ocrx_word' id='word_1_117' title='bbox 1658 1473 1872 1528; x_wconf 86' lang='grc' dir='ltr'>Βουτα-</span> 
     </span>
     <span class='ocr_line' id='line_1_18' title="bbox 265 1553 1868 1632; baseline 0.001 -20"><span class='ocrx_word' id='word_1_118' title='bbox 265 1554 437 1624; x_wconf 85' lang='grc' dir='ltr'>κίδεω,</span> <span class='ocrx_word' id='word_1_119' title='bbox 482 1554 871 1631; x_wconf 87' lang='grc' dir='ltr'>Κροτωνιήτης</span> <span class='ocrx_word' id='word_1_120' title='bbox 906 1553 1066 1630; x_wconf 75' lang='grc' dir='ltr'>ἀνήρ·</span> <span class='ocrx_word' id='word_1_121' title='bbox 1120 1553 1181 1618; x_wconf 80' lang='grc' dir='ltr'>ὃς</span> <span class='ocrx_word' id='word_1_122' title='bbox 1221 1553 1613 1632; x_wconf 65' lang='grc' dir='ltr'>ἁρμοσάμενος</span> <span class='ocrx_word' id='word_1_123' title='bbox 1646 1554 1868 1631; x_wconf 82' lang='grc' dir='ltr'>Τήλυος</span> 
     </span>
     <span class='ocr_line' id='line_1_19' title="bbox 264 1641 1871 1722; baseline 0.002 -22"><span class='ocrx_word' id='word_1_124' title='bbox 264 1646 364 1701; x_wconf 88' lang='grc' dir='ltr'>τοῦ</span> <span class='ocrx_word' id='word_1_125' title='bbox 402 1642 724 1719; x_wconf 84' lang='grc' dir='ltr'>Συβαρίτεω</span> <span class='ocrx_word' id='word_1_126' title='bbox 762 1642 1037 1722; x_wconf 82' lang='grc' dir='ltr'>θυγατέρα</span> <span class='ocrx_word' id='word_1_127' title='bbox 1069 1643 1240 1722; x_wconf 83' lang='grc' dir='ltr'>ἔφυγε</span> <span class='ocrx_word' id='word_1_128' title='bbox 1277 1647 1336 1701; x_wconf 90' lang='grc' dir='ltr'>ἐκ</span> <span class='ocrx_word' id='word_1_129' title='bbox 1370 1641 1682 1719; x_wconf 85' lang='grc' dir='ltr'>Κρότωνος·</span> <span class='ocrx_word' id='word_1_130' title='bbox 1739 1651 1871 1721; x_wconf 87' lang='grc' dir='ltr'>ψευ-</span> 
     </span>
     <span class='ocr_line' id='line_1_20' title="bbox 263 1729 1871 1812; baseline 0.001 -23"><span class='ocrx_word' id='word_1_131' title='bbox 263 1730 421 1793; x_wconf 80' lang='grc' dir='ltr'>σθεὶς</span> <span class='ocrx_word' id='word_1_132' title='bbox 465 1732 527 1791; x_wconf 80' lang='grc' dir='ltr'>δὲ</span> <span class='ocrx_word' id='word_1_133' title='bbox 570 1734 675 1790; x_wconf 86' lang='grc' dir='ltr'>τοῦ</span> <span class='ocrx_word' id='word_1_134' title='bbox 711 1729 897 1812; x_wconf 84' lang='grc' dir='ltr'>γάμου</span> <span class='ocrx_word' id='word_1_135' title='bbox 933 1730 1121 1808; x_wconf 83' lang='grc' dir='ltr'>οἴχετο</span> <span class='ocrx_word' id='word_1_136' title='bbox 1156 1731 1343 1790; x_wconf 82' lang='grc' dir='ltr'>πλέων</span> <span class='ocrx_word' id='word_1_137' title='bbox 1379 1734 1436 1794; x_wconf 82' lang='grc' dir='ltr'>ἐς</span> <span class='ocrx_word' id='word_1_138' title='bbox 1476 1729 1759 1807; x_wconf 84' lang='grc' dir='ltr'>Κυρήνην·</span> <span class='ocrx_word' id='word_1_139' title='bbox 1807 1737 1871 1791; x_wconf 88' lang='grc' dir='ltr'>ἐκ</span> 
     </span>
     <span class='ocr_line' id='line_1_21' title="bbox 261 1818 1872 1897; baseline 0.001 -19"><span class='ocrx_word' id='word_1_140' title='bbox 261 1818 464 1895; x_wconf 76' lang='grc' dir='ltr'>ταύτης</span> <span class='ocrx_word' id='word_1_141' title='bbox 502 1821 563 1880; x_wconf 79' lang='grc' dir='ltr'>δὲ</span> <span class='ocrx_word' id='word_1_142' title='bbox 601 1818 948 1897; x_wconf 74' lang='grc' dir='ltr'>όρμεῶμενος</span> <span class='ocrx_word' id='word_1_143' title='bbox 988 1819 1305 1878; x_wconf 81' lang='grc' dir='ltr'>συνέσπετο</span> <span class='ocrx_word' id='word_1_144' title='bbox 1340 1818 1521 1897; x_wconf 78' lang='grc' dir='ltr'>οἷκηΐῃ</span> <span class='ocrx_word' id='word_1_145' title='bbox 1545 1844 1618 1885; x_wconf 74' lang='grc' dir='ltr'>,τε</span> <span class='ocrx_word' id='word_1_146' title='bbox 1656 1819 1872 1897; x_wconf 84' lang='grc' dir='ltr'>τριήρεῖ</span> 
     </span>
     <span class='ocr_line' id='line_1_22' title="bbox 264 1905 1870 1986; baseline 0.002 -22"><span class='ocrx_word' id='word_1_147' title='bbox 264 1908 355 1965; x_wconf 82' lang='grc' dir='ltr'>καὶ</span> <span class='ocrx_word' id='word_1_148' title='bbox 383 1908 564 1986; x_wconf 79' lang='grc' dir='ltr'>οἰκηΐῃ</span> <span class='ocrx_word' id='word_1_149' title='bbox 590 1906 802 1985; x_wconf 73' lang='grc' dir='ltr'>ἀνδρῶν</span> <span class='ocrx_word' id='word_1_150' title='bbox 833 1906 1068 1983; x_wconf 82' lang='grc' dir='ltr'>δαπάνῃ,</span> <span class='ocrx_word' id='word_1_151' title='bbox 1098 1905 1199 1965; x_wconf 79' lang='grc' dir='ltr'>ε’ὤν</span> <span class='ocrx_word' id='word_1_152' title='bbox 1222 1932 1284 1966; x_wconf 88' lang='grc' dir='ltr'>τε</span> <span class='ocrx_word' id='word_1_153' title='bbox 1310 1905 1748 1982; x_wconf 85' lang='grc' dir='ltr'>Ὀλυμπιονίκης</span> <span class='ocrx_word' id='word_1_154' title='bbox 1776 1910 1870 1968; x_wconf 86' lang='grc' dir='ltr'>καὶ</span> 
     </span>
    </p>

    <p class='ocr_par' dir='ltr' id='par_1_4' title="bbox 213 1986 1873 2249">
     <span class='ocr_line' id='line_1_23' title="bbox 213 1986 1873 2069; baseline 0.001 -17"><span class='ocrx_word' id='word_1_155' title='bbox 213 1986 216 1989; x_wconf 35' lang='grc'><strong>’</strong></span> <span class='ocrx_word' id='word_1_156' title='bbox 262 1994 571 2058; x_wconf 84' lang='grc' dir='ltr'>κάλλιστος</span> <span class='ocrx_word' id='word_1_157' title='bbox 612 1994 902 2069; x_wconf 80' lang='grc' dir='ltr'>Ἑλλήνων</span> <span class='ocrx_word' id='word_1_158' title='bbox 944 1998 1055 2053; x_wconf 76' lang='grc' dir='ltr'>τῶν</span> <span class='ocrx_word' id='word_1_159' title='bbox 1098 1993 1215 2053; x_wconf 84' lang='grc' dir='ltr'>κατ’</span> <span class='ocrx_word' id='word_1_160' title='bbox 1261 1992 1477 2053; x_wconf 80' lang='grc' dir='ltr'>ἑωυτόν.</span> <span class='ocrx_word' id='word_1_161' title='bbox 1560 1993 1650 2053; x_wconf 71' lang='grc' dir='ltr'>διὰ</span> <span class='ocrx_word' id='word_1_162' title='bbox 1697 1994 1757 2053; x_wconf 82' lang='grc' dir='ltr'>δὲ</span> <span class='ocrx_word' id='word_1_163' title='bbox 1800 1995 1873 2065; x_wconf 68' lang='grc' dir='ltr'>τὰ</span> 
     </span>
     <span class='ocr_line' id='line_1_24' title="bbox 262 2080 1871 2161; baseline 0.001 -22"><span class='ocrx_word' id='word_1_164' title='bbox 262 2084 460 2139; x_wconf 78' lang='grc' dir='ltr'>ἑωυτοῦ</span> <span class='ocrx_word' id='word_1_165' title='bbox 499 2080 711 2143; x_wconf 87' lang='grc' dir='ltr'>κάλλος</span> <span class='ocrx_word' id='word_1_166' title='bbox 747 2081 990 2140; x_wconf 84' lang='grc' dir='ltr'>ἐνείκατο</span> <span class='ocrx_word' id='word_1_167' title='bbox 1027 2081 1181 2157; x_wconf 77' lang='grc' dir='ltr'>παρᾰ.</span> <span class='ocrx_word' id='word_1_168' title='bbox 1215 2080 1556 2161; x_wconf 85' lang='grc' dir='ltr'>Ἐγεσταίων</span> <span class='ocrx_word' id='word_1_169' title='bbox 1589 2080 1662 2140; x_wconf 64' lang='lat' dir='ltr'>vd</span> <span class='ocrx_word' id='word_1_170' title='bbox 1690 2081 1871 2147; x_wconf 73' lang='grc' dir='ltr'>οὐδεὶς</span> 
     </span>
     <span class='ocr_line' id='line_1_25' title="bbox 261 2166 1868 2249; baseline 0.003 -23"><span class='ocrx_word' id='word_1_171' title='bbox 261 2166 458 2231; x_wconf 73' lang='grc' dir='ltr'>ἄλλος·</span> <span class='ocrx_word' id='word_1_172' title='bbox 487 2168 579 2227; x_wconf 81' lang='grc' dir='ltr'>ἐπὶ</span> <span class='ocrx_word' id='word_1_173' title='bbox 603 2167 713 2249; x_wconf 73' lang='grc' dir='ltr'>γὰρ</span> <span class='ocrx_word' id='word_1_174' title='bbox 740 2171 839 2227; x_wconf 89' lang='grc' dir='ltr'>τοῦ</span> <span class='ocrx_word' id='word_1_175' title='bbox 863 2167 1050 2245; x_wconf 84' lang='grc' dir='ltr'>τάφου</span> <span class='ocrx_word' id='word_1_176' title='bbox 1078 2167 1248 2228; x_wconf 76' lang='grc' dir='ltr'>αὐτοῦ</span> <span class='ocrx_word' id='word_1_177' title='bbox 1275 2168 1477 2246; x_wconf 74' lang='grc' dir='ltr'>ἦρῶϊον</span> <span class='ocrx_word' id='word_1_178' title='bbox 1503 2168 1868 2247; x_wconf 78' lang='grc' dir='ltr'>ἱδρυσάμενοι</span> 
     </span>
    </p>

    <p class='ocr_par' dir='ltr' id='par_1_5' title="bbox 165 2253 1871 2776">
     <span class='ocr_line' id='line_1_26' title="bbox 165 2253 1871 2339; baseline 0.002 -25"><span class='ocrx_word' id='word_1_179' title='bbox 165 2256 244 2315; x_wconf 81' lang='grc'>48</span> <span class='ocrx_word' id='word_1_180' title='bbox 263 2255 499 2334; x_wconf 87' lang='grc' dir='ltr'>θυσίῃσι</span> <span class='ocrx_word' id='word_1_181' title='bbox 527 2253 698 2315; x_wconf 76' lang='grc' dir='ltr'>αὖτὸν</span> <span class='ocrx_word' id='word_1_182' title='bbox 727 2254 1077 2316; x_wconf 76' lang='grc' dir='ltr'>ἱλάσκονται.</span> <span class='ocrx_word' id='word_1_183' title='bbox 1159 2256 1402 2334; x_wconf 76' lang='grc' dir='ltr'>Δωριεῦς</span> <span class='ocrx_word' id='word_1_184' title='bbox 1426 2257 1531 2334; x_wconf 88' lang='grc' dir='ltr'>μέν</span> <span class='ocrx_word' id='word_1_185' title='bbox 1556 2281 1653 2316; x_wconf 90' lang='grc' dir='ltr'>νυν</span> <span class='ocrx_word' id='word_1_186' title='bbox 1675 2256 1871 2339; x_wconf 75' lang='grc' dir='ltr'>τρόπῳ</span> 
     </span>
     <span class='ocr_line' id='line_1_27' title="bbox 258 2342 1871 2423; baseline 0.001 -21"><span class='ocrx_word' id='word_1_187' title='bbox 258 2343 490 2423; x_wconf 70' lang='grc' dir='ltr'>τοιούτῳ</span> <span class='ocrx_word' id='word_1_188' title='bbox 532 2342 879 2419; x_wconf 75' lang='grc' dir='ltr'>ἐτελεύτησε·</span> <span class='ocrx_word' id='word_1_189' title='bbox 924 2348 973 2403; x_wconf 84' lang='grc' dir='ltr'>εἰ</span> <span class='ocrx_word' id='word_1_190' title='bbox 1009 2344 1069 2403; x_wconf 80' lang='grc' dir='ltr'>δὲ</span> <span class='ocrx_word' id='word_1_191' title='bbox 1103 2343 1379 2423; x_wconf 77' lang='grc' dir='ltr'>ἠνέσχετο</span> <span class='ocrx_word' id='word_1_192' title='bbox 1418 2344 1871 2422; x_wconf 79' lang='grc' dir='ltr'>βασιλευόμενος</span> 
     </span>
     <span class='ocr_line' id='line_1_28' title="bbox 260 2430 1871 2511; baseline 0.002 -22"><span class='ocrx_word' id='word_1_193' title='bbox 260 2430 370 2490; x_wconf 58' lang='lat' dir='ltr'>find</span> <span class='ocrx_word' id='word_1_194' title='bbox 398 2432 748 2509; x_wconf 87' lang='grc' dir='ltr'>Κλεομένεος</span> <span class='ocrx_word' id='word_1_195' title='bbox 774 2431 866 2490; x_wconf 86' lang='grc' dir='ltr'>καὶ</span> <span class='ocrx_word' id='word_1_196' title='bbox 897 2432 1162 2509; x_wconf 82' lang='grc' dir='ltr'>κατέμενε</span> <span class='ocrx_word' id='word_1_197' title='bbox 1185 2437 1246 2492; x_wconf 83' lang='grc' dir='ltr'>ἐν</span> <span class='ocrx_word' id='word_1_198' title='bbox 1282 2431 1531 2511; x_wconf 81' lang='grc' dir='ltr'>Σπάρτῃ,</span> <span class='ocrx_word' id='word_1_199' title='bbox 1560 2433 1871 2508; x_wconf 83' lang='grc' dir='ltr'>ἐβασιλευε</span> 
     </span>
     <span class='ocr_line' id='line_1_29' title="bbox 261 2517 1871 2600; baseline 0.002 -22"><span class='ocrx_word' id='word_1_200' title='bbox 261 2517 330 2578; x_wconf 81' lang='grc' dir='ltr'>ἂν</span> <span class='ocrx_word' id='word_1_201' title='bbox 354 2518 785 2596; x_wconf 59' lang='grc' dir='ltr'>Λακεδαίμονοςᾲ</span> <span class='ocrx_word' id='word_1_202' title='bbox 864 2518 932 2579; x_wconf 81' lang='grc' dir='ltr'>οὗ</span> <span class='ocrx_word' id='word_1_203' title='bbox 955 2520 1067 2600; x_wconf 78' lang='grc' dir='ltr'>γάρ</span> <span class='ocrx_word' id='word_1_204' title='bbox 1097 2545 1223 2580; x_wconf 91' lang='grc' dir='ltr'>τινα</span> <span class='ocrx_word' id='word_1_205' title='bbox 1251 2519 1477 2580; x_wconf 71' lang='grc' dir='ltr'>πολλόν</span> <span class='ocrx_word' id='word_1_206' title='bbox 1498 2519 1707 2600; x_wconf 83' lang='grc' dir='ltr'>χρόνον</span> <span class='ocrx_word' id='word_1_207' title='bbox 1729 2519 1871 2598; x_wconf 74' lang='grc' dir='ltr'>ἦρξε</span> 
     </span>
     <span class='ocr_line' id='line_1_30' title="bbox 261 2606 1871 2689; baseline 0.002 -24"><span class='ocrx_word' id='word_1_208' title='bbox 261 2607 292 2665; x_wconf 83' lang='grc' dir='ltr'>ὁ</span> <span class='ocrx_word' id='word_1_209' title='bbox 323 2609 662 2684; x_wconf 84' lang='grc' dir='ltr'>Κλεομένης,</span> <span class='ocrx_word' id='word_1_210' title='bbox 696 2606 829 2667; x_wconf 71' lang='grc' dir='ltr'>ἀλλ’</span> <span class='ocrx_word' id='word_1_211' title='bbox 865 2607 1110 2668; x_wconf 78' lang='grc' dir='ltr'>ἀπέθανε</span> <span class='ocrx_word' id='word_1_212' title='bbox 1143 2607 1313 2671; x_wconf 79' lang='grc' dir='ltr'>ἅπαις</span> <span class='ocrx_word' id='word_1_213' title='bbox 1353 2609 1630 2689; x_wconf 78' lang='grc' dir='ltr'>θυγατέρα</span> <span class='ocrx_word' id='word_1_214' title='bbox 1653 2608 1871 2685; x_wconf 82' lang='grc' dir='ltr'>μούνην</span> 
     </span>
     <span class='ocr_line' id='line_1_31' title="bbox 261 2693 1111 2776; baseline 0.002 -24"><span class='ocrx_word' id='word_1_215' title='bbox 261 2694 440 2754; x_wconf 73' lang='grc' dir='ltr'>λιπών</span> <span class='ocrx_word' id='word_1_216' title='bbox 463 2698 536 2773; x_wconf 83' lang='grc' dir='ltr'>τῇ</span> <span class='ocrx_word' id='word_1_217' title='bbox 562 2694 774 2772; x_wconf 76' lang='grc' dir='ltr'>οὕνομα</span> <span class='ocrx_word' id='word_1_218' title='bbox 798 2694 870 2771; x_wconf 87' lang='grc' dir='ltr'>ἦν</span> <span class='ocrx_word' id='word_1_219' title='bbox 894 2693 1111 2776; x_wconf 77' lang='grc' dir='ltr'>Γοργώ.</span> 
     </span>
    </p>

    <p class='ocr_par' dir='ltr' id='par_1_6' title="bbox 164 2780 1878 3304">
     <span class='ocr_line' id='line_1_32' title="bbox 164 2780 1872 2863; baseline 0.001 -23"><span class='ocrx_word' id='word_1_220' title='bbox 164 2782 241 2841; x_wconf 83' lang='grc'>49</span> <span class='ocrx_word' id='word_1_221' title='bbox 341 2781 688 2842; x_wconf 88' lang='grc' dir='ltr'>Ἀπικνέεται</span> <span class='ocrx_word' id='word_1_222' title='bbox 740 2782 787 2842; x_wconf 85' lang='grc' dir='ltr'>δ’</span> <span class='ocrx_word' id='word_1_223' title='bbox 843 2781 916 2842; x_wconf 82' lang='grc' dir='ltr'>ὦν</span> <span class='ocrx_word' id='word_1_224' title='bbox 970 2782 1002 2843; x_wconf 84' lang='grc' dir='ltr'>ὁ</span> <span class='ocrx_word' id='word_1_225' title='bbox 1055 2780 1467 2863; x_wconf 82' lang='grc' dir='ltr'>Ἀρισταγόρης</span> <span class='ocrx_word' id='word_1_226' title='bbox 1517 2782 1551 2842; x_wconf 81' lang='grc' dir='ltr'>ό</span> <span class='ocrx_word' id='word_1_227' title='bbox 1599 2780 1872 2857; x_wconf 87' lang='grc' dir='ltr'>Μιλήτου</span> 
     </span>
     <span class='ocr_line' id='line_1_33' title="bbox 259 2868 1873 2949; baseline 0.002 -22"><span class='ocrx_word' id='word_1_228' title='bbox 259 2869 524 2946; x_wconf 80' lang='grc' dir='ltr'>τύραννος</span> <span class='ocrx_word' id='word_1_229' title='bbox 564 2874 621 2932; x_wconf 87' lang='grc' dir='ltr'>ἐς</span> <span class='ocrx_word' id='word_1_230' title='bbox 658 2869 762 2946; x_wconf 80' lang='grc' dir='ltr'>τήν</span> <span class='ocrx_word' id='word_1_231' title='bbox 801 2869 1082 2949; x_wconf 75' lang='grc' dir='ltr'>Σπάρτην,</span> <span class='ocrx_word' id='word_1_232' title='bbox 1121 2870 1473 2945; x_wconf 86' lang='grc' dir='ltr'>Κλεομένεος</span> <span class='ocrx_word' id='word_1_233' title='bbox 1508 2870 1733 2949; x_wconf 80' lang='grc' dir='ltr'>ἔχοντος</span> <span class='ocrx_word' id='word_1_234' title='bbox 1762 2868 1873 2944; x_wconf 80' lang='grc' dir='ltr'>τὴν</span> 
     </span>
     <span class='ocr_line' id='line_1_34' title="bbox 260 2955 1875 3039; baseline 0.001 -24"><span class='ocrx_word' id='word_1_235' title='bbox 260 2955 460 3037; x_wconf 76' lang='grc' dir='ltr'>ἀρχήν·</span> <span class='ocrx_word' id='word_1_236' title='bbox 527 2961 606 3035; x_wconf 74' lang='grc' dir='ltr'>τῷ</span> <span class='ocrx_word' id='word_1_237' title='bbox 656 2957 725 3032; x_wconf 73' lang='grc' dir='ltr'>δὴ</span> <span class='ocrx_word' id='word_1_238' title='bbox 782 2961 839 3021; x_wconf 86' lang='grc' dir='ltr'>ἐς</span> <span class='ocrx_word' id='word_1_239' title='bbox 890 2958 1098 3039; x_wconf 87' lang='grc' dir='ltr'>λόγους</span> <span class='ocrx_word' id='word_1_240' title='bbox 1148 2956 1253 3033; x_wconf 83' lang='grc' dir='ltr'>ἤϊε,</span> <span class='ocrx_word' id='word_1_241' title='bbox 1310 2956 1381 3019; x_wconf 78' lang='grc' dir='ltr'>ὥς</span> <span class='ocrx_word' id='word_1_242' title='bbox 1436 2956 1875 3034; x_wconf 70' lang='grc' dir='ltr'>Λακεδαιμόνιοι,</span> 
     </span>
     <span class='ocr_line' id='line_1_35' title="bbox 260 3042 1872 3125; baseline -0.001 -21"><span class='ocrx_word' id='word_1_243' title='bbox 260 3046 513 3125; x_wconf 88' lang='grc' dir='ltr'>λέγουσι,</span> <span class='ocrx_word' id='word_1_244' title='bbox 557 3045 699 3125; x_wconf 81' lang='grc' dir='ltr'>ἔχων</span> <span class='ocrx_word' id='word_1_245' title='bbox 742 3043 988 3124; x_wconf 86' lang='grc' dir='ltr'>χάλκεον</span> <span class='ocrx_word' id='word_1_246' title='bbox 1025 3047 1233 3115; x_wconf 62' lang='grc' dir='ltr'>πίιςακα</span> <span class='ocrx_word' id='word_1_247' title='bbox 1274 3049 1333 3104; x_wconf 90' lang='grc' dir='ltr'>ἐν</span> <span class='ocrx_word' id='word_1_248' title='bbox 1371 3047 1451 3124; x_wconf 72' lang='grc' dir='ltr'>τῷ</span> <span class='ocrx_word' id='word_1_249' title='bbox 1486 3046 1596 3125; x_wconf 81' lang='grc' dir='ltr'>γῆς</span> <span class='ocrx_word' id='word_1_250' title='bbox 1637 3042 1872 3120; x_wconf 72' lang='grc' dir='ltr'>ἁπάσης</span> 
     </span>
     <span class='ocr_line' id='line_1_36' title="bbox 265 3130 1878 3210; baseline 0 -19"><span class='ocrx_word' id='word_1_251' title='bbox 265 3134 521 3210; x_wconf 82' lang='grc' dir='ltr'>περίοδος</span> <span class='ocrx_word' id='word_1_252' title='bbox 578 3134 921 3210; x_wconf 85' lang='grc' dir='ltr'>ἐνετέτμητο,</span> <span class='ocrx_word' id='word_1_253' title='bbox 981 3134 1075 3193; x_wconf 82' lang='grc' dir='ltr'>καὶ</span> <span class='ocrx_word' id='word_1_254' title='bbox 1127 3130 1402 3192; x_wconf 84' lang='grc' dir='ltr'>θάλασσά</span> <span class='ocrx_word' id='word_1_255' title='bbox 1440 3157 1503 3192; x_wconf 88' lang='grc' dir='ltr'>τε</span> <span class='ocrx_word' id='word_1_256' title='bbox 1556 3134 1723 3191; x_wconf 77' lang='grc' dir='ltr'>πᾶσα</span> <span class='ocrx_word' id='word_1_257' title='bbox 1778 3133 1878 3191; x_wconf 84' lang='grc' dir='ltr'>καὶ</span> 
     </span>
     <span class='ocr_line' id='line_1_37' title="bbox 260 3217 1875 3304; baseline 0 -26"><span class='ocrx_word' id='word_1_258' title='bbox 260 3221 506 3298; x_wconf 86' lang='grc' dir='ltr'>ποταμοὶ</span> <span class='ocrx_word' id='word_1_259' title='bbox 540 3220 760 3284; x_wconf 83' lang='grc' dir='ltr'>πάντες·</span> <span class='ocrx_word' id='word_1_260' title='bbox 800 3219 1193 3297; x_wconf 73' lang='grc' dir='ltr'>ἀπικνεόμενος</span> <span class='ocrx_word' id='word_1_261' title='bbox 1218 3220 1278 3279; x_wconf 82' lang='grc' dir='ltr'>δὲ</span> <span class='ocrx_word' id='word_1_262' title='bbox 1304 3224 1361 3304; x_wconf 86' lang='grc' dir='ltr'>ἐς</span> <span class='ocrx_word' id='word_1_263' title='bbox 1385 3217 1593 3296; x_wconf 82' lang='grc' dir='ltr'>λόγους</span> <span class='ocrx_word' id='word_1_264' title='bbox 1618 3218 1651 3280; x_wconf 75' lang='grc' dir='ltr'>ὁ</span> <span class='ocrx_word' id='word_1_265' title='bbox 1677 3218 1875 3296; x_wconf 81' lang='grc' dir='ltr'>Ἀριο-</span> 
     </span>
    </p>
   </div>
  </div>
 </body>
</html>
