2100 3409
234 88 462 155 33—37]
919 87 1147 136 ΕΡΑΤΩ.
1783 85 1845 139 71

233 171 302 236 ὃς
332 170 401 231 ἅν
425 173 610 246 σφεας
637 167 906 231 οἷπιόντας
933 172 993 227 ἐκ
1019 171 1122 228 τοῦ
1150 168 1273 245 ἰροῦ
1297 167 1515 244 πρῶτος
1546 167 1637 226 ἐπὶ
1677 166 1850 237 ξείνια

235 260 480 337 καλέσῃ·
527 256 702 319 ἰόντες
743 256 804 315 δὲ
848 259 901 315 οἰ
946 256 1233 336 Δόλογκοι
1268 254 1373 331 τὴν
1420 253 1544 331 ἱρὴν
1586 253 1717 314 όὸὂν
1757 254 1851 314 διὰ

234 347 474 406 Φωκέων
499 369 562 404 τε
590 344 684 402 καὶ
709 347 968 403 Βοιωτῶν
994 342 1185 418 ἤϊσαν·
1229 343 1326 401 καί
1357 347 1542 418 σφεας
1579 341 1648 403 ὦς
1676 341 1850 404 οὐδεὶς

234 434 453 505 ἐκάλεε,
511 431 881 509 ἐκτρέπονται
936 429 1020 490 ἐπ’
1072 428 1369 506 Ἀθηνέων.
1451 427 1548 489 Ἐν
1594 429 1662 503 ,δὲ
1713 433 1850 507 τῇσι
1867 431 1944 488 35

232 520 517 600 Ἀθήνῃσι
547 521 851 595 τηνικαῦτα
893 518 1007 597 εἶχε
1047 521 1151 595 μὲν
1185 518 1251 578 τό
1278 522 1391 576 πᾶν
1420 517 1619 593 κράτος
1647 509 1845 575 Πεισί-

234 633 500 686 στρατος,
528 605 671 683 οἷτοὶρ
701 604 1028 665 ἐδυνάστευε
1064 606 1156 664 καὶ
1173 604 1487 679 Μιλτιάδης
1514 604 1545 663 ὁ
1575 604 1846 680 Κυψέλου

236 695 344 755 ε’ὠν
393 695 570 771 οἰκίης
616 693 1126 771 τεθριπποτρόφου,
1174 692 1245 752 τοὶ
1293 695 1396 769 μὲν
1443 691 1706 751 ἀνέκαθεν
1752 690 1848 751 ἀπ’

232 786 453 842 Αἰακοῦ
495 808 557 841 τε
596 782 687 840 καὶ
716 782 945 861 Αἰγίνης
969 780 1215 861 γεγονώς
1238 779 1309 839 τοὶ
1336 779 1397 838 δὲ
1422 779 1658 856 νεώτερα
1682 778 1848 855 Ἀθη-

233 873 408 940 ναῖος,
438 870 679 928 Φιλαίου
723 873 824 928 τοῦ
851 869 1087 931 Αἴαντος
1128 866 1326 930 παιδὸς
1358 869 1658 948 γενομένου
1699 866 1844 943 πριό-

231 977 334 1017 του
372 963 478 1034 τῆς
518 958 692 1032 οἰκίης
717 955 921 1032 ταύτης
945 956 1263 1031 Ἀθηναίου.
1349 953 1509 1018 οὗτος
1536 954 1566 1013 ὁ
1594 954 1837 1012 Μιλτιά-

235 1046 335 1121 δης
379 1045 686 1122 κατήμενος
736 1049 793 1103 ἓν
833 1047 986 1103 τοῖσι
1040 1043 1376 1120 προθύροισι
1421 1046 1572 1101 τοῖσι
1622 1045 1840 1110 ἑωυτοῦ,

234 1132 408 1209 ὁρέων
423 1133 556 1196 τούς
573 1131 898 1213 Δολόγκους
916 1131 1218 1209 παριόντας
1246 1133 1458 1206 ε’σθῆτα
1486 1131 1713 1208 ἔχοντας
1741 1130 1840 1188 οὐκ

235 1223 513 1301 ἐγχωρίην
540 1222 631 1279 καὶ
660 1219 881 1300 αἰχμοὶς,
909 1219 1348 1296 προσεβώσατο·
1394 1218 1489 1276 καί
1518 1224 1629 1293 σφι
1664 1243 1843 1294 προσ-

236 1310 477 1368 ελθοῦσι
510 1309 888 1388 ἐπηγγείλατο
927 1306 1259 1388 καταγωγὴν
1299 1307 1391 1365 καὶ
1433 1307 1622 1375 ξείνια.
1708 1308 1760 1364 οἱ
1786 1305 1849 1364 δὲ

235 1395 529 1472 δεξάμενοι
557 1396 647 1453 καὶ
675 1394 1036 1463 ξεινισθέντες
1063 1393 1156 1453 ὑπ’
1184 1393 1369 1464 αὐτοῦ,
1400 1394 1690 1469 ἐξέφαινον
1730 1397 1845 1453 πᾶν

238 1485 292 1540 οἰ
316 1482 386 1541 τὸ
412 1481 701 1558 μαντήϊον·
745 1480 1082 1558 ἐκφήναντες
1120 1483 1178 1541 δὲ
1205 1482 1421 1542 ἐδέοντο
1450 1481 1607 1540 αὐτοὶ
1632 1485 1710 1560 τῷ
1738 1483 1843 1559 θεῷ

233 1594 335 1645 μιν
361 1571 676 1629 πείθεσθαι.
755 1570 1072 1627 Μιλτιάδεα
1100 1570 1158 1629 δὲ
1185 1569 1505 1630 οἷκούσαντα
1530 1570 1841 1646 παραυτίκα

237 1658 432 1715 ἔπεισε
460 1656 492 1732 ό
521 1657 707 1736 λόγος,
738 1657 828 1715 οἶα
869 1656 1183 1735 ἀχθόμενόν
1223 1684 1284 1717 τε
1321 1662 1392 1735 τῇ
1418 1657 1842 1731 Πεισιστράτου

236 1743 393 1823 ἅρχῇ
443 1745 533 1801 καὶ
579 1744 933 1819 βουλόμενον
981 1750 1039 1803 ἐκ
1088 1745 1274 1803 ποδῶν
1322 1745 1477 1803 εἶναι·
1536 1743 1730 1801 αὐτίκα
1782 1735 1850 1802 δὲἡ

237 1831 458 1908 ἐστάλη
502 1837 554 1893 ἐς
598 1833 860 1906 Δελφους
898 1832 1328 1909 ἐπειρησόμενος
1369 1831 1436 1891 τὰ
1479 1829 1841 1909 χρηστήριον,

215 1924 287 1984 ,εἰ
331 1920 522 1995 ποιοίη
563 1919 634 1977 τά
675 1946 779 1995 περ
819 1920 987 1978 αὐτοῦ
1025 1924 1077 1978 οἰ
1116 1918 1401 1999 Δόλογκοι
1439 1918 1838 1994 προσεδέοντος

238 2006 607 2084 Κελευούσης
643 2008 700 2066 δὲ
735 2010 833 2096 καὶ
859 2013 960 2083 τῆς
986 2009 1222 2083 Πυθίης,
1253 2007 1394 2067 οὕτω
1427 2006 1495 2082 δη
1525 2005 1840 2082 Μιλτιάδης
1857 2009 1934 2066 36

234 2095 268 2153 ὁ
314 2096 607 2171 Κυψέλου,
638 2095 929 2171 Ὀλύμπια
969 2095 1275 2173 αναιρηκως
1320 2094 1592 2172 πρότερον
1632 2093 1838 2154 τούτων

230 2184 542 2263 τεθρίππω,
589 2183 715 2242 τότε
761 2184 1115 2259 παραλαβων
1160 2183 1467 2259 Ἀθηναίων
1514 2209 1695 2242 παντα
1741 2209 1840 2243 τον

230 2271 594 2348 βουλόμενον
634 2272 886 2382 μετέχειν
924 2275 1023 2333 τοῦ
1066 2270 1295 2340 στόλου,
1331 2273 1495 2329 ἔπλεε
1538 2270 1654 2347 ἅμα
1686 2274 1840 2330 τοῖσι

233 2357 594 2440 Δολόγκοισι
621 2361 712 2416 καὶ
741 2360 875 2437 ἔσχε
900 2358 1003 2434 τὴν
1024 2358 1230 2437 χώρην·
1261 2360 1357 2417 καί
1371 2385 1467 2434 μιν
1489 2362 1541 2417 οἰ
1563 2358 1838 2439 ἐπαγαγό-

229 2472 398 2525 μενοι
438 2446 705 2524 τύραννον
749 2445 1187 2522 κατεστήσαντο.
1270 2445 1302 2506 ὁ
1357 2447 1415 2504 δὲ
1465 2451 1688 2522 πρῶτον
1734 2472 1838 2522 μεν

231 2535 564 2613 ἀπετείχισε
593 2561 691 2594 τον
733 2534 939 2611 ἰσθμον
978 2538 1080 2610 τῆς
1105 2533 1477 2611 Χερσονήσου
1506 2539 1564 2591 ἐκ
1592 2535 1839 2610 Καρδίης

229 2622 438 2685 πόλιος
467 2628 521 2683 ἐς
537 2621 820 2698 Πακτύην,
845 2622 932 2681 ἵνα
957 2621 1039 2698 μή
1069 2622 1247 2699 ἔχοιέν
1273 2627 1459 2696 σφεας
1486 2624 1539 2679 οἱ
1558 2620 1839 2699 Ἀψίνθιοι

231 2711 545 2784 δηλέεσθαι
573 2700 958 2784 ἐσβάλλοντες
986 2711 1039 2771 ἐς
1065 2708 1168 2783 τήν
1194 2708 1399 2786 χώρην.
1465 2709 1574 2768 εἰσὶ
1602 2709 1658 2766 δὲ
1686 2706 1839 2766 οὗτοι

231 2797 461 2856 στάδιοι
494 2797 557 2867 ἔξ
586 2824 648 2856 τε
676 2798 767 2855 καὶ
792 2796 1089 2874 τριήκοντα
1113 2800 1218 2854 τοῦ
1245 2798 1469 2873 ἰσθμοῦ·
1512 2796 1624 2854 οἷπὸ
1653 2796 1712 2853 δὲ
1737 2798 1839 2852 τοῦ

232 2885 447 2960 ἰσθμοῦ
482 2884 684 2943 τούτου
719 2884 757 2959 ἦ
783 2882 1148 2960 Χερσόνησος
1190 2884 1324 2942 εἴσω
1364 2883 1526 2942 πᾶσά
1553 2889 1675 2941 ἐστι
1702 2906 1837 2938 στα-

231 2973 367 3032 δίων
404 2973 587 3032 εἴκοσι
621 2973 712 3030 καὶ
746 2972 1120 3047 τετρακοσίων
1156 2969 1221 3029 τὸ
1246 2975 1441 3047 μῆκος.
1525 2967 1835 3039 Ἀποτειχί-
1854 2965 1932 3023 37

232 3086 347 3124 σας
384 3059 459 3120 ὧν
493 3060 593 3120 τόν
636 3060 841 3138 αυχένα
881 3062 981 3133 τῆς
1013 3058 1386 3160 Χερσονήσου
1427 3056 1461 3114 ὅ
1503 3048 1835 3121 Μιλτιάδης,

233 3150 330 3208 καὶ
374 3175 507 3210 τους
537 3147 858 3225 Ἀψινθίους
892 3146 1081 3223 τρόπω
1116 3142 1346 3220 τοιούτῳ
1389 3139 1685 3213 ωσοῖμενος,
1727 3136 1839 3191 Τῶν

233 3240 456 3297 λοιπῶν
480 3235 754 3314 πρώτοισι
782 3234 1104 3309 ἐπολεμησε
1125 3228 1575 3328 Λαμψακηνοῖσι·
1622 3217 1716 3273 καί
1737 3241 1836 3290 μιν

1935 3325 2079 3371 Α
