2100 3409
170 54 409 119 12—15]
900 53 1127 101 amm.
1732 54 1796 103 63

171 137 316 201 τούς
340 125 572 216 λόγους,
599 132 718 211 ἅμα
754 132 814 192 δὲ
849 132 1215 210 κατεφαίνετό
1240 138 1356 210 σφι
1381 131 1520 193 εἶναι
1553 133 1796 194 ἀδύνατα

173 227 250 285 τὰ
271 223 569 302 βασιλέος
593 220 899 303 πρήγματα
923 221 1372 299 ὑπερβαλέσθαι,
1394 219 1453 280 εὖ
1479 247 1543 280 τε
1569 221 1795 282 ἐπιστά-

172 337 345 390 μενοι
390 308 480 381 ὥς,
515 314 564 370 εἰ
607 310 701 369 καὶ
733 309 800 369 τό
837 308 1047 387 παρεόν
1079 308 1338 371 ναυτικόν
1374 308 1797 386 ὑπερβαλοίατο

173 399 280 460 τᾶν
338 400 601 476 Δαρεῖον,
651 396 802 457 ἄλλο
856 404 969 473 σφι
1018 398 1302 475 παρέσται
1352 397 1794 471 πενταπλήσιον,

175 487 516 565 προφάσιος
547 484 622 546 ὧν
658 483 1081 563 ἐπιλαβόμενοι,
1110 485 1234 545 ἐπεί
1262 510 1325 545 τε
1360 483 1609 563 τάχιστα
1651 484 1798 545 εἶδον

175 575 318 638 τούς
343 573 546 636 Ἴωνας
585 571 948 649 ἀρνευμένους
991 572 1131 631 εἶναι
1172 572 1472 652 χρηστοῦς,
1519 578 1579 632 ἐν
1620 571 1801 649 κέρδεϊ

177 665 478 723 ἐποιεῦντο
518 664 886 737 περιποιῆσαι
919 659 990 720 τά
1016 685 1081 721 τε
1108 660 1199 737 ἱρὰ
1222 660 1297 719 ‘rot
1323 661 1576 738 σφέτερα
1602 661 1696 719 καὶ
1720 659 1795 720 ταῖ

178 750 320 809 ἴδια.
406 748 438 812 ὅ
466 749 528 808 δὲ
553 746 780 824 Αἰάκης,
805 748 936 825 παρ’
964 746 1092 809 ὅτευ
1126 747 1259 811 τούς
1298 746 1503 829 λόγους
1544 748 1796 809 ἐδέκοντο

179 840 240 896 οἱ
288 836 512 914 Σάμιοι,
557 839 689 899 παῖς
729 837 833 912 μὲν
879 834 950 911 ἦν
993 837 1358 900 Συλοσῶντος
1394 840 1498 895 τοῦ
1540 836 1793 904 Αἰάκεος·

177 924 453 1002 τύραννος
480 924 542 983 δὲ
567 923 669 982 ἐῶν
697 922 907 1000 Σάμου,
935 922 1046 983 ὖπὸ
1087 927 1187 983 τοῦ
1214 924 1507 999 Μιλησίου
1532 924 1794 1001 Ἀριστα-

177 1012 367 1093 γόρεω
393 1012 746 1090 ἀπεστέρητο
766 1010 876 1088 τὴν
899 1010 1100 1091 ἀρχὴν,
1129 1008 1375 1089 κατάπερ
1403 1014 1460 1071 οἱ
1483 1010 1662 1071 ἄλλοι
1693 1016 1796 1089 τῆς

179 1100 399 1176 Ἰωνίης
431 1098 711 1178 τύραννοι.

270 1187 414 1248 Τότε
449 1185 525 1248 ὧν
557 1187 676 1247 ἐπεὶ
711 1186 1003 1248 ἐπέπλωον
1029 1189 1084 1249 οἱ
1108 1187 1372 1262 Φοίνικες,
1400 1190 1454 1247 οἶ
1480 1186 1664 1252 Ἴωνες
1700 1186 1790 1248 οἷν-
1811 1189 1887 1249 14
1910 1237 1913 1241 .

180 1279 434 1357 την-ἦγον
469 1276 565 1334 καὶ
600 1274 758 1335 αὐτοὶ
797 1275 898 1340 τὰς
933 1276 1060 1339 νέας
1100 1274 1192 1335 ἐπὶ
1233 1274 1413 1351 κέρας.
1497 1274 1569 1338 ὦς
1608 1274 1668 1332 δὲ
1700 1275 1803 1334 καὶ·

183 1364 374 1446 ἀγχοῦ
400 1366 647 1446 ἐγίνοντο
671 1364 767 1423 καὶ
794 1364 1140 1445 συνέμισγον
1165 1361 1498 1438 ἀλλήλοισι,
1519 1361 1586 1424 τό
1615 1365 1793 1424 ἐνθεῦ-

180 1478 282 1512 τεν
307 1452 409 1512 οὐκ
436 1453 546 1532 ἔχω
571 1451 839 1528 ἀτρεκέως
863 1451 1191 1533 συγγράψαι
1232 1451 1427 1515 οἵτινες
1461 1454 1573 1511 τῶν
1597 1449 1792 1511 Ἰώνων

184 1542 446 1621 ἐγένοντο
472 1539 665 1617 ἄνδρες
687 1540 850 1599 κακοὶ
873 1537 912 1615 ἢ
938 1538 1144 1621 ἀγαθοὶ
1170 1543 1229 1599 ἐν
1253 1542 1325 1617 τῇ
1350 1540 1630 1618 ναυμαχίῃ
1662 1538 1789 1599 ταύ-

180 1655 276 1707 τῃ·
317 1627 610 1704 ἀλλήλους
650 1654 762 1708 γαρ
806 1630 1211 1687 καταιτιῶνται.
1293 1627 1556 1708 λέγονται
1596 1627 1655 1685 δὲ
1681 1626 1790 1691 Σά-

181 1742 305 1793 μιοι
332 1717 588 1785 ἐνθαῦτα,
618 1715 759 1774 κατὰ
788 1714 860 1775 τοὶ
898 1716 1235 1795 συγκείμενα
1264 1739 1403 1790 προς
1427 1739 1528 1773 τον
1554 1712 1785 1783 Αἰάκεα,

182 1802 505 1880 ἀειράμενοι
528 1828 602 1861 τα
629 1803 782 1862 ἱστία
808 1801 1202 1861 οἷππλῶσαι’
1174 1827 1238 1859 εκ
1261 1804 1363 1876 τῆς
1389 1794 1629 1869 τάξιος’
1603 1826 1659 1863 ες
1685 1800 1789 1876 τήν

181 1890 396 1967 Σάμον,
424 1890 582 1966 πλην
617 1890 806 1949 ενδεκα
840 1915 993 1950 νεων·
1034 1888 1271 1947 τουτέων
1297 1887 1366 1946 δε
1385 1890 1439 1946 οἱ
1463 1886 1791 1995 τριήραρχοι

178 1979 500 2055 παρέμενον
541 1977 634 2036 καὶ
677 1977 1034 2056 ἐναυμάχεον,
1075 1973 1595 2051 ἀνηκουστήσαντες
1635 1979 1790 2035 τοῖσι

181 2068 585 2146 στρατηγοῖσν
627 2066 725 2123 καί
755 2071 868 2140 σφι
902 2064 970 2123 τό
1008 2062 1193 2123 κοινὰν
1233 2066 1343 2123 τῶν
1370 2062 1593 2139 Σαμίων
1625 2062 1790 2123 ἔδωκε

181 2153 275 2213 διοὶ
299 2157 471 2213 τοῦτο
498 2152 563 2211 τό
592 2156 827 2233 πρῆγμα
854 2156 912 2211 ἐν
938 2149 1128 2229 στήλῃ
1155 2149 1549 2230 ἀναγραφῆναι
1576 2150 1783 2228 πατρό-

183 2242 294 2316 θεν,
319 2241 392 2304 ὦς
413 2239 650 2317 ἀνδράσι
677 2239 943 2320 ἀγαθοῖσι
967 2239 1338 2319 γενομένοισι·
1382 2238 1474 2296 καὶ
1501 2240 1623 2299 ἔστι
1647 2237 1789 2316 αὕτη

180 2328 221 2404 ἦ
247 2328 442 2404 στήλη
471 2333 530 2386 ἐν
555 2331 627 2405 τῇ
655 2326 853 2407 ἀγορῇ.
916 2325 1155 2402 ἰδόμενοι
1183 2326 1242 2384 δὲ
1269 2326 1361 2384 καὶ
1387 2326 1633 2403 Λέσβιοι
1659 2327 1794 2402 τούς,

182 2416 507 2495 προσεχέας
533 2412 860 2495 φεύγοντας,
881 2411 1057 2473 τῶυτὸ
1086 2414 1301 2473 ἐποίευν
1323 2416 1475 2473 τοῖσι
1497 2415 1783 2489 Σαμίοισι·

184 2503 255 2565 ὣς
299 2503 361 2562 δὲ
403 2503 512 2561 καὶ·
541 2505 594 2561 οἱ
635 2505 870 2564 πλεῦνες
907 2504 1018 2560 τῶν
1047 2499 1245 2560 Ἰώνων
1282 2502 1500 2561 ἐποίευν
1534 2501 1606 2560 τοὶ
1645 2501 1786 2562 αὐτὰ

180 2594 380 2650 ταῦτα.
438 2594 563 2650 Τῶν
589 2590 649 2649 δὲ
675 2588 1126 2667 παραμεινάντων
1154 2594 1211 2648 ἐν
1236 2592 1308 2667 τῇ
1336 2591 1612 2667 ναυμαχίῃ
1634 2616 1787 2668 περι-
1808 2593 1881 2650 15

184 2678 451 2754 ἔφθησαν
475 2679 796 2756 τρηχύτατα
815 2680 963 2746 Χῖοι,
994 2675 1064 2738 ὥς
1091 2674 1544 2753 ἀποδεικνύμενοί
1564 2704 1625 2735 τε
1652 2679 1787 2759 ἔργα

182 2764 425 2842 λαμπρα
469 2765 563 2823 καὶ
609 2790 708 2824 ουκ
756 2764 1224 2826 ἐθελοκακέοντες.
1305 2766 1639 2844 παρείχοντο
1685 2768 1789 2840 μὲν

179 2849 318 2965 γάρ,
350 2852 543 2929 ὥσπερ
587 2852 680 2910 καὶ
720 2850 990 2928 πρότερον
1038 2849 1238 2928 εἰρέθη,
1276 2850 1402 2914 νέας
1443 2852 1656 2919 ἕκατον,
1693 2852 1785 2909 καὶ

181 2939 270 2999 ἐπ’
292 2940 537 3016 ἑκάστης
562 2965 769 3000 αυτεων
795 2939 995 3017 ἄνδρας
1020 2938 1435 3016 τεσσεράκοντα
1460 2943 1571 2999 τῶν
1598 2938 1784 2995 οἰστῶν

161 3022 436 3107 ’λογάδας
471 3028 918 3104 ἐπιβατεύοντας.
1004 3024 1256 3103 ορέοντες
1283 3027 1342 3084 δε
1367 3051 1495 3087 τους
1534 3022 1783 3084 πολλους

180 3119 294 3174 τῶν
326 3113 644 3195 συμμάχων
679 3114 1056 3191 προδιδόντας,
1086 3139 1186 3173 ουκ
1226 3112 1488 3171 ἐδικαίευν
1523 3104 1785 3185 γενεσθαι

180 3204 340 3264 τοῖσι
367 3206 594 3264 κακοῖσι
621 3202 801 3262 αὐτῶν
827 3202 1031 3280 ομοῖοι·
1074 3199 1231 3260 άλλοὶ
1256 3196 1374 3274 μετ’
1402 3194 1605 3270 ολίγων
1642 3212 1783 3264 συμ-
