2100 3409
354 51 445 100 110
941 45 1310 100 ἙΡοΔοτοϊ
1818 48 1943 116 [π.

349 128 688 208 προσέφερε·
730 127 883 194 ἐνδῧς
923 132 1129 191 κιθῶνα
1169 130 1348 209 μέγαν
1381 128 1475 190 καὶ
1509 127 1729 191 κόλπον
1764 130 1946 191 πολῦν

348 217 790 294 καταλιπόμενος
824 221 926 277 τοῦ
957 217 1203 285 κιθῶνος,
1231 215 1526 292 κοθόρνους
1564 216 1694 280 τοῦς
1727 217 1944 294 εὕρισκε

348 304 677 381 εὗρυτάτους
719 304 906 368 ἐόντας
936 302 1379 380 ὑποδησάμενος,
1406 302 1493 378 ἤϊε
1519 308 1575 367 ἐς
1598 304 1698 364 τόν
1736 306 1939 381 θησαυ-

341 392 442 469 ρδν
491 398 544 456 ἐς
590 391 690 452 τόν
738 394 792 450 οἱ
839 392 1194 472 κατηγέοντο,
1244 391 1503 452 ἐσπεσῶν
1551 391 1610 453 δὲ
1658 397 1716 456 ἐς
1761 393 1941 470 σωρόν
2018 425 2025 431 ·

344 480 654 560 ψήγματος,
694 480 888 555 πρῶτα
930 481 1033 556 μὲν
1076 478 1363 555 παρέσαξε
1402 479 1557 558 παρα
1590 505 1692 543 τας
1732 480 1939 558 κνήμας

342 571 441 626 τοῦ
481 570 697 645 χρυσοῦ
736 564 876 627 ὅσον
908 565 1147 644 ἐχώρεον
1171 568 1227 626 οἱ
1253 565 1527 644 κόθορνοι·
1567 566 1712 643 μετὰ
1739 568 1816 638 δὲ,
1842 568 1938 629 τὸν

344 652 558 713 κόλπον
597 652 784 714 πάντα
822 652 1188 730 πλησάμενος
1227 658 1463 732 χρυσοῦ,
1493 656 1585 714 καὶ
1611 660 1668 717 ἐς
1690 680 1792 719 τας
1827 655 1936 733 τρί-

342 767 448 820 χας
485 744 586 817 τῆς
619 744 874 818 κεφαλῆς
900 741 1181 804 διαπάσας
1206 745 1306 800 τοῦ
1334 742 1644 822 ψήγματος,
1672 743 1767 801 καὶ
1792 741 1937 802 ἄλλο

342 828 542 906 λαβὼν
586 834 642 891 ἐς
679 829 746 889 τό
777 829 982 905 στόμα,
1012 828 1161 904 ἐξήῖε
1201 833 1262 888 ἐκ
1297 834 1396 888 τοῦ
1438 830 1726 905 θησαυροῦ
1766 831 1936 890 ἕλκων

343 919 446 990 μὲν
483 916 648 997 μόγις
686 942 816 979 τους
841 914 1154 991 κοθόρνους,
1184 918 1352 976 παντὶ
1378 917 1440 975 δέ
1464 943 1570 996 τεῳ
1596 917 1758 980 οἰκῶς
1792 921 1935 994 μᾶλ-

339 1007 444 1062 λον
483 1002 520 1079 ἢ
563 1003 849 1082 ανθρῶπῳ·
903 1007 1004 1063 τοῦ
1050 1004 1117 1064 τό
1163 1029 1224 1063 τε
1271 1003 1461 1080 στόμα
1508 1005 1799 1079 ἐβεβυστο
1846 1005 1935 1063 καὶ

339 1091 523 1152 πάντα
577 1091 868 1172 ἐξόγκωτο.
954 1090 1141 1151 ἰδόντα
1194 1091 1256 1150 δὲ
1299 1089 1401 1151 τᾶν
1454 1095 1709 1168 Κροῖσον
1760 1092 1934 1172 γέλως

341 1180 571 1255 ἐσῆλθε·
626 1180 723 1238 καί
765 1183 819 1239 οἷ
870 1178 1054 1239 πάντα
1097 1204 1160 1239 τε
1206 1181 1385 1239 ἐκεῖνο,
1432 1178 1587 1249 διδοῖ,
1636 1179 1732 1238 καὶ
1777 1179 1932 1256 πρός,

341 1269 499 1345 ἔτερα
558 1267 814 1344 δωρέεται
876 1265 976 1326 οὐκ
1037 1265 1270 1326 ἐλάσσω
1324 1269 1557 1327 ἐκείνων.
1640 1266 1783 1327 οὕτω
1831 1269 1934 1343 μὲν

229 1410 233 1415 ,
342 1355 657 1429 ἐπλούτησε
685 1353 722 1429 ἦ
759 1354 903 1429 οἰκίη
935 1352 1075 1429 αὕτη
1109 1354 1384 1434 μεγάλως·
1427 1356 1520 1414 καὶ
1549 1353 1581 1414 6
1612 1352 1934 1431 Ἀλκμαίων

340 1438 501 1503 οὗτος
554 1439 694 1499 οὕτω
745 1441 1327 1517 τεθριπποτροφήσας,
1372 1440 1734 1517 Ὀλυμπιάδα
1785 1440 1932 1501 ἀναι-

252 1528 362 1587 126
377 1527 579 1603 ρέεται.
662 1525 825 1586 Μετοῖ
871 1527 947 1598 δὲ,
991 1533 1155 1609 γενεῇ
1201 1529 1423 1607 δευτέρῃ
1465 1530 1723 1606 ὕστερον,
1764 1533 1933 1588 Κλει-

340 1615 544 1692 σθένης
581 1641 678 1693 μιν
710 1614 742 1675 ό
771 1618 1045 1681 Σικυῶνος
1068 1616 1334 1694 τύραννος
1358 1616 1579 1694 ἐξήειρε,
1610 1616 1755 1676 ὥστε
1793 1621 1930 1676 πολ-

338 1706 423 1783 λῷ
446 1703 892 1781 ὀνομαστοτέρην
910 1704 1174 1784 γενέσθαι
1200 1708 1258 1763 ἐν
1282 1707 1437 1776 τοῖσι
1454 1703 1711 1780 Ἕλλησι
1734 1701 1772 1781 ἢ
1799 1703 1932 1781 πρό-

340 1817 502 1868 τερον
542 1790 630 1868 ἦν.
714 1791 1047 1852 Κλεισθένεϊ
1094 1790 1203 1870 γὰρ
1248 1795 1326 1869 τῶ
1367 1791 1787 1869 Ἀριστωνύμου
1831 1795 1932 1852 τοῦ

338 1879 605 1956 Μύρωνος
645 1883 744 1940 τοῦ
785 1878 1023 1955 Ἀνδρέω
1065 1879 1276 1958 γίνεται
1318 1878 1563 1984 θυγάτηρ
1605 1882 1678 1956 τῇ
1722 1904 1933 1954 ουνομα

336 1965 408 2041 ἦν
436 1967 775 2047 Ἀγαρίστην
848 1966 1050 2041 ταύτην
1089 1964 1353 2040 ηθέλησε,
1389 1964 1677 2039 Ἐλλήνων
1713 1965 1932 2026 πάντων

341 2053 572 2130 ἐξευρῶν
615 2052 717 2111 τᾶν
770 2050 1015 2127 ἄριστον,
1071 2051 1247 2131 τούτω
1268 2054 1533 2164 ’.γυναῖκα
1580 2053 1929 2129 προσθεῖναι.

337 2138 662 2215 Ὀλυμπίων
703 2137 778 2197 ὧν
812 2137 1007 2198 ἐόντων
1041 2140 1132 2198 καὶ
1167 2143 1329 2199 νικῶν
1361 2144 1419 2199 ἐν
1454 2138 1675 2199 αὐτοῖσι
1711 2141 1932 2217 τεθρίψ

340 2252 428 2304 πῳ
453 2226 485 2285 6
515 2226 881 2301 Κλεισθένης,
909 2226 1165 2307 κήρυγμα
1190 2225 1574 2301 ἐποιήσατο,
1543 2252 1702 2290 οστις
1724 2226 1932 2304 Ἐλλή-

342 2338 446 2373 νων
491 2311 688 2373 ἑωυτόν
736 2311 885 2382 ἀξιοῖ
925 2314 1298 2377 Κλεισθένεος
1342 2313 1605 2395 γαμβρὸν
1652 2315 1931 2395 γενέσθαι,

341 2400 495 2476 ἥκειν
535 2405 590 2463 ἐς
630 2399 938 2476 ἑξηκοστὴν
969 2400 1181 2477 ἡμέρην
1205 2399 1244 2477 ἦ
1270 2402 1364 2460 καὶ
1388 2400 1658 2479 πρότερον
1692 2407 1748 2465 ἐς
1773 2404 1932 2467 Σικυ-

340 2492 466 2558 ῶνα,
496 2487 566 2552 ὥς
604 2486 947 2566 κυρώσοντος
974 2489 1349 2552 Κλεισθένεος
1382 2489 1482 2550 τόν
1515 2488 1700 2569 γάμον
1735 2494 1794 2550 ἐν
1829 2494 1933 2550 ἐνι-

338 2580 498 2655 αυτῶ,
542 2576 654 2636 ἀπὸ
695 2580 796 2652 τῆς
838 2575 1143 2686 ἑξηκοστῆς
1186 2575 1496 2653 ἀρξαμένου
1537 2575 1768 2654 ημέρης.
1848 2581 1931 2636 ἐν-

338 2663 514 2723 θαῦτα
558 2663 849 2738 Ἑλλήνων
894 2662 1024 2723 ὅσοι
1071 2664 1249 2739 σφίσι
1290 2687 1354 2723 τε
1396 2662 1620 2723 αὐτοῖσι
1653 2663 1804 2740 ἦσαν
1839 2665 1933 2722 καὶ

338 2750 521 2828 πάτρῃ
542 2750 932 2830 ἐξωγκωμένοα
950 2750 1205 2824 ἐφοίτεον
1229 2754 1563 2828 μνηστῆρες·
1590 2753 1745 2811 τοῖσι
1762 2754 1930 2812 Κλει-

337 2838 541 2913 σθένης
576 2837 668 2895 καὶ
708 2836 915 2913 δρόμον
942 2838 1035 2895 καὶ
1059 2838 1416 2915 παλαίστρην
1440 2838 1821 2915 ποιησάμενος
1845 2836 1932 2898 ἐπ’

245 2926 357 2986 127
378 2923 524 3004 αὐτῷ
547 2923 723 3001 τούτῳ
749 2923 882 3002 εἶχε.
939 2923 1085 2984 ’Am-6
1112 2927 1215 3001 μὲν
1240 2926 1309 3001 δὴ
1334 2925 1578 3002 Ἰταλίης
1603 2925 1747 3001 ἦλθε
1765 2928 1934 3004 Σμιν-

336 3013 556 3090 δυρίδης
585 3010 618 3071 ὁ
649 3009 1043 3088 Ἱπποκράτεος
1077 3014 1394 3090 Συβαρίτης
1427 3012 1489 3077 ὃς
1522 3013 1613 3073 ἐπὶ
1656 3017 1934 3076 πλεῖστον
2043 3087 2044 3096 ¹

336 3100 406 3175 δή
442 3099 645 3179 χλιδῆς
675 3097 755 3161 εἷς
789 3096 931 3176 α’νήρ
967 3097 1216 3160 ἀπίκετο·
1256 3100 1296 3176 ἦ
1339 3100 1400 3159 δὲ
1433 3099 1683 3178 Σύβαρις
1718 3100 1934 3179 ἤκμαζε

333 3190 535 3249 τοῦτον
564 3187 664 3249 τὸν
697 3182 902 3266 χρόνον
935 3185 1209 3263 μάλιστα·
1251 3188 1344 3249 καὶ
1377 3188 1600 3266 Σιρίτης
1635 3187 1933 3268 Δάμασος,
2041 3261 2042 3272 ¹
