2100 3409
199 55 422 120 38—42]
900 58 1127 108 ΕΡΑΤΩ.
1738 63 1802 115 73

194 135 434 214 βόσκων
474 133 813 213 ἐπικούρους,
854 137 946 196 καὶ
988 138 1187 219 γαμέει
1215 139 1462 217 Ὀλόρου
1495 145 1598 202 τοῦ
1630 143 1799 220 Θρηΐ-

198 251 309 284 κων
333 223 622 300 βασιλέος
653 224 926 305 θυγατέρα
950 224 1370 308 Ἡγησιπύλην.
1456 226 1640 292 Οὗτος
1667 230 1725 289 δὲ
1766 229 1799 290 ὅ
1817 232 1899 290 40

197 313 462 389 Κίμωνος
508 310 826 388 Μιλτιάδης
879 314 1080 373 νεωστὶ
1131 318 1236 392 μὲν
1282 315 1550 392 ἐληλύθεε
1600 322 1654 379 ἐς
1698 317 1803 393 τὴν

194 399 591 477 Χερσόνησον,
620 400 1013 480 κατελάμβανε
1040 401 1105 461 δέ
1125 429 1224 479 μιν
1251 404 1488 465 ἐλθόντα
1515 401 1670 464 ἅλλα
1693 408 1808 465 τῶν

197 488 550 568 κατεχόντων
574 489 915 569 πρηγμάτων
940 490 1325 569 χαλεπώτερα·
1355 494 1542 572 (τρίτῳ
1565 495 1669 571 μὲν
1693 492 1808 575 γάρ

198 579 311 637 ἔτεῖ
339 575 554 637 τούτων
583 577 799 641 Σκύθας
840 579 1059 658 ἔφευγε·
1103 578 1312 643 Σκύθαι
1350 579 1461 661 γὰρ
1488 583 1544 639 οἱ
1569 581 1807 657 νομάδες

196 665 580 743 ἐρεθισθέντες
604 663 717 725 ύπό
742 666 1020 741 βασιλέος
1041 665 1282 743 Δαρείου
1307 667 1804 745 συνεστράφησαν,

197 754 295 811 καὶ
328 752 561 829 ἤλασαν
586 753 756 832 μέχρι
779 757 880 829 τῆς
906 753 1281 832 Χερσονήσου
1313 754 1536 832 ταύτης·
1575 755 1806 821 τούτους

195 840 460 904 ἐπιόντας
507 840 608 900 οὐκ
654 840 953 919 ὑπομείνας
1000 840 1032 901 ὅ
1079 842 1398 919 Μιλτιάδης
1444 845 1646 925 ἔφευγε
1690 843 1806 904 ἀπό

195 928 599 1005 Χερσονήσου,
627 933 681 992 ἐς
718 928 751 989 8
782 930 844 989 οἵ
865 955 928 989 τε
963 929 1173 995 Σκύθαι
1211 929 1670 1011 ἀπαλλάχθησαν
1711 932 1813 991 καί

193 1042 299 1094 μιν
325 1020 381 1076 οἶ
408 1017 700 1098 ᾼόλογκοι
730 1017 1049 1099 κατήγαγον
1080 1017 1308 1098 όπίσω·)
1382 1023 1570 1078 Ταῦτα
1600 1023 1703 1095 μὲν
1735 1020 1802 1096 δὴ
1820 1020 1894 1080 41

197 1106 370 1184 τρίτῳ
397 1105 509 1163 ἔτεῒ
533 1103 808 1183 πρότερον
831 1105 1081 1186 ἐγεγόνεε
1106 1110 1216 1167 τῶν
1247 1106 1378 1167 τότε
1411 1132 1511 1183 μιν
1545 1107 1803 1185 κατεχόν-

195 1220 329 1252 των·
370 1192 501 1252 τότε
544 1192 604 1252 δὲ
646 1193 1056 1270 πυνθανόμενος
1099 1192 1237 1252 εἶναι
1278 1194 1407 1257 τούς
1448 1195 1704 1256 Φοίνικας
1749 1199 1806 1254 ἐν

197 1282 431 1361 Τενέδῳ,
477 1280 783 1359 πληρώσας
827 1280 1082 1358 τριήρεας
1128 1283 1292 1350 πέντε
1345 1281 1645 1361 χρημάτων
1696 1285 1810 1341 τῶν

197 1371 524 1446 παρεόντων
570 1368 819 1429 ἀπέπλεε
871 1374 926 1433 ἐς
978 1369 1080 1434 τοῖς
1129 1368 1388 1446 Ἀθήνας.
1474 1369 1565 1429 καὶ
1615 1369 1807 1448 ὥσπερ

200 1457 444 1534 ὦρμήθη
484 1461 546 1516 ἐκ
571 1457 817 1534 Καρδίης
842 1457 1061 1527 πόλιος,
1086 1459 1254 1517 ἔπλεε
1288 1458 1380 1518 διά
1412 1462 1516 1518 τοῦ
1541 1459 1809 1522 Μέλανος

202 1546 444 1606 κόλπου·
493 1546 880 1622 παραμείβετό
925 1571 988 1605 τε
1032 1546 1139 1622 τήν
1181 1545 1555 1625 Χερσόνησον
1609 1548 1700 1606 καὶ
1754 1550 1810 1607 οἳ

199 1636 458 1696 Φοίνικές
484 1637 537 1693 οἶ
563 1634 961 1709 περιπίπτουσι
985 1638 1123 1713 τῇσι
1150 1631 1333 1711 νηυσί.
1416 1634 1583 1697 αύτός
1605 1636 1709 1711 μὲν
1736 1634 1808 1710 δή

196 1722 530 1798 Μιλτιάδης
554 1720 663 1781 σῦν
687 1724 823 1800 τῇσι
847 1723 1131 1798 τέσσαρσι
1166 1727 1276 1783 τῶν
1307 1725 1442 1782 νεῶν
1469 1722 1812 1803 καταφεύγει

203 1816 264 1876 ἐς
286 1809 552 1887 Ἴμβρον,
590 1808 694 1885 τήν
738 1810 803 1869 δέ
840 1812 893 1869 οἶ
928 1811 1191 1887 πέμπτην
1228 1814 1342 1871 τῶν
1380 1814 1516 1870 νεῶν
1552 1813 1810 1869 κατεῖλον

202 1898 495 1961 διώκοντές
540 1900 595 1956 οἱ
635 1897 899 1961 Φοίνικες.
982 1902 1084 1972 τῆς
1131 1897 1189 1958 δὲ
1236 1897 1356 1961 νεός
1401 1896 1603 1972 ταύτης
1652 1898 1813 1975 ἔτυχε

200 1993 318 2049 τῶν
346 1985 672 2046 Μιλτιάδεω
708 1985 917 2045 παίδων
956 1984 991 2046 ὅ
1030 1984 1427 2063 πρεσβύτατος
1462 1983 1648 2064 ἅρχων
1684 1989 1812 2061 Μη-

200 2077 414 2155 τίοχος,
444 2073 547 2133 ούκ
579 2077 639 2132 ἐκ
675 2078 776 2149 τῆς
799 2069 1046 2150 Ὀλόρου
1088 2078 1191 2133 τοῦ
1220 2073 1458 2151 Θρήῖκος
1500 2072 1602 2132 ἐών
1644 2073 1811 2153 θυγα-

202 2164 339 2242 τρός
364 2161 496 2222 ἀλλ’
526 2161 590 2230 ἐξ
612 2159 812 2237 ἄλλης·
856 2161 946 2220 καὶ
971 2165 1171 2222 τοῦτον
1198 2159 1315 2237 ἅμα
1340 2166 1413 2240 τῇ
1441 2161 1530 2237 νηῒ
1565 2160 1717 2220 εἷλον
1758 2163 1815 2220 οἱ

203 2252 476 2321 Φοίνικες,
506 2249 606 2308 καί
634 2274 732 2327 μιν
764 2247 1072 2325 πυθόμενοι
1105 2248 1174 2312 ὥς
1212 2249 1295 2324 εἴη
1321 2249 1645 2332 Μιλτιάδεω
1680 2252 1814 2311 παῖς

204 2339 497 2420 ἀνήγαγον
526 2336 681 2413 παρά
706 2337 978 2413 βασιλέα,
1007 2337 1288 2400 δοκέοντες
1323 2336 1527 2417 χάριτα
1557 2337 1816 2417 μεγάλην

207 2426 655 2503 καταθήσεσθαι·
698 2424 784 2485 ὅτι
812 2424 879 2500 δή
906 2424 1224 2501 Μιλτιάδης
1246 2424 1473 2506 γνώμην
1507 2424 1813 2495 ἀπεδέξατο

206 2521 267 2576 ἐν
293 2520 449 2575 τοῖσι
467 2512 631 2572 Ἴωσι
656 2513 951 2573 πείθεσθαι
978 2511 1217 2573 κελεύων
1241 2516 1395 2572 τοῖσι
1423 2512 1691 2591 Σκύθῃσι,
1719 2512 1814 2571 ὅτε

205 2608 261 2664 οἱ
290 2602 508 2667 Σκύθαι
542 2600 919 2678 προσεδέοντο
954 2599 1243 2662 λύσαντας
1281 2599 1383 2676 τήν
1416 2600 1647 2679 σχεδίην
1674 2599 1812 2659 ἀπο-

204 2692 403 2751 πλέειν
441 2694 498 2753 ἐς
531 2688 638 2764 τὴν
670 2692 899 2749 ἑωυτῶν.
980 2691 1220 2766 Δαρεῖος
1260 2687 1336 2756 δὲ,
1367 2686 1439 2751 ὥς
1478 2691 1531 2748 οἶ
1566 2689 1814 2749 Φοίνικες

204 2782 511 2858 Μητίοχον
543 2775 644 2838 τόν
680 2776 999 2835 Μιλτιάδεω
1034 2775 1333 2857 ἀνήγαγον,
1378 2778 1609 2852 ἐποίησε
1646 2775 1816 2834 κακόν

204 2871 315 2946 μὲν
340 2866 502 2927 οὐδὲν
529 2865 826 2944 Μητίοχον
853 2863 1038 2946 ἀγαθά
1068 2864 1127 2923 δὲ
1153 2862 1356 2943 συχνά·
1400 2864 1492 2922 καὶ
1517 2863 1629 2944 γάρ
1662 2862 1814 2947 οἷκον

206 2957 303 3014 καὶ
347 2959 554 3030 κτῆσιν
597 2952 758 3014 ἔδωκε
802 2954 894 3011 καὶ
935 2951 1194 3030 Περσίδα
1227 2955 1475 3032 γυναῖκα,
1518 2954 1577 3006 ἐκ
1620 2951 1719 3020 τῆς
1760 2949 1814 3003 οἱ

205 3044 378 3103 τέκνα
394 3042 625 3124 ἐγένετο
651 3038 722 3100 ro)
750 3044 805 3104 ἐς
830 3042 1065 3117 Πέρσας
1104 3038 1491 3115 κεκοσμέαται.
1573 3029 1813 3090 Μιλτιά-

208 3133 311 3208 δης
337 3131 398 3189 δὲ
426 3130 490 3199 ἐξ
503 3128 751 3205 Ἴμβρου
778 3127 1093 3187 ἀπικνέεται
1121 3132 1175 3186 ἐς
1200 3125 1299 3186 τοὶς
1324 3121 1581 3193 Ἀθήνας.

296 3218 416 3277 Καὶ
462 3215 604 3275 κατά
640 3216 706 3275 τὰ
746 3217 863 3276 ἔτος
898 3219 1065 3273 τοῦτο
1105 3217 1163 3270 ἐκ
1203 3214 1314 3269 τῶν
1349 3202 1617 3279 Περσέων
1657 3197 1814 3256 οὐδὲν
1830 3198 1907 3254 42

1965 3307 2083 3346 ...n-
