2100 3409
263 46 354 95 ιω
870 36 1239 89 'npotsomo‘r
1698 36 1884 100 [vn.

259 126 325 185 τέ
361 127 489 184 εισι·
528 119 601 199 ἦν
637 145 702 182 τε
738 119 851 202 γὰρ
880 118 1096 198 τύχωσι
1133 115 1621 195 ἐξεστρατευμένοι
1657 116 1886 195 χίλιοι,

263 210 416 272 οὗτοι
457 209 819 290 μαχήσονταί
847 231 952 279 τοι,
980 203 1053 280 ἤν
1082 230 1146 264 τε
1184 203 1496 267 ἐλάσσονες
1531 203 1758 275 τούτων,
1796 205 1889 282 ἦν

118 331 127 338 ·
171 301 286 361 103
304 325 365 361 τε
391 299 484 358 καὶ
508 295 775 359 πλεῦνεςῖ
760 293 792 314 ”
872 295 1061 352 Ταῦτα
1087 290 1334 355 ἀκουσας
1358 291 1586 369 Ξέρξης,
1605 291 1888 372 γελάσας

264 388 395 464 ἔφη·
462 397 498 423 “
515 382 832 460 Δημάρητε,
862 381 979 440 οἷον
1006 367 1344 459 &spei-7560*
1315 404 1463 449 επος,
1487 377 1690 456 ἄνδρας
1711 383 1885 457 χιλί-

265 500 363 538 ους
388 474 626 550 στρατιῇ
650 468 860 547 τοσῇδε
885 466 1278 546 μαχήσασθαι·
1346 491 1467 547 αγε,
1497 466 1618 524 εἰπέ
1637 491 1755 542 μοι,
1792 469 1883 528 σὲ

266 562 382 642 φῂς
416 559 625 621 τούτων
661 582 773 618 των
807 555 1019 633 ἀνδρῶν
1057 552 1227 618 afra-62
1255 552 1537 629 βασιλευς
1566 554 1886 635 γενέσθαις

266 649 344 709 σι)
387 648 461 708 ὧν
504 644 790 721 ἐθελήσεις
831 642 1027 703 αὐτίκα
1068 641 1228 718 μάλα
1282 667 1424 719 προς
1475 640 1675 718 ἄνδρας
1729 641 1890 702 δέκα

265 737 574 815 μάχεσθαις
644 734 823 795 καίτοι
873 735 920 790 εἰ
960 757 1026 791 το
1070 728 1362 789 πολιτικόν
1406 728 1538 805 υμῖν
1581 731 1697 788 πᾶν
1737 733 1890 792 ἐστὶ

266 828 519 884 τοιοῦτον
545 823 663 882 οἷον
688 818 763 881 σι)
785 818 1053 896 διαιρέεις,
1082 819 1157 877 σέ
1177 842 1244 898 γε
1268 815 1367 877 τὸν
1393 817 1583 877 κείνων
1604 818 1889 893 βασιλέα

267 912 467 989 πρέπει
496 909 639 988 πρός
671 907 738 969 τό
779 905 1083 982 διπλήσιον
1118 903 1564 966 ἀντιτάσσεσθαι
1593 904 1736 964 κατὰ
1779 906 1888 967 νό-
1931 945 1939 952 ·

270 1023 411 1073 μους
445 997 575 1061 τούς
609 994 923 1073 ὖμετέρους.
994 996 1043 1052 εἰ
1077 993 1190 1106 γὰρ
1232 993 1419 1053 κείνων
1456 993 1689 1056 ἕκαστος
1729 992 1889 1053 δέκα

267 1085 479 1163 ἀνδρῶν
501 1111 605 1161 της
636 1086 905 1160 στρατιῆς
927 1083 1031 1157 τῆς
1068 1084 1205 1158 ἐμῆς
1239 1078 1496 1150 ἀντάξιός
1529 1085 1667 1151 ἐστι,
1697 1083 1772 1139 σὲ
1815 1082 1894 1142 δέ

267 1200 334 1256 γε
353 1175 576 1252 δίζημαι
596 1174 775 1233 εἴκοσι
792 1171 933 1231 εἶναι
952 1167 1230 1237 ἀντάξιον·
1259 1169 1354 1227 καὶ
1374 1166 1515 1228 οὕτω
1532 1170 1634 1244 μὲν
1649 1166 1888 1245 ὄρθοῖτ’

268 1261 338 1323 ἂν
374 1262 408 1323 ό
448 1262 620 1343 λόγος
659 1260 692 1321 ὁ
730 1258 885 1336 παρὰ
919 1260 1021 1317 σεῦ
1060 1257 1361 1333 εἰρημένος.
1445 1259 1493 1315 εἰ
1518 1255 1593 1326 δέ,
1618 1259 1895 1318 τοιοῦτοι

266 1375 329 1409 τε
379 1349 558 1411 ἐόντες
607 1348 701 1406 καὶ
753 1344 1007 1426 μεγάθεα
1058 1345 1323 1403 τοσοῦτοι
1377 1342 1491 1405 οἷος
1540 1341 1615 1403 σύ
1657 1369 1723 1403 τε
1776 1348 1891 1405 καὶ

269 1463 326 1496 οι
348 1435 477 1513 παρ’
519 1437 616 1513 ἐμὲ
659 1436 900 1511 φοιτῶσι
946 1430 1238 1509 Ἑλλήνων
1284 1435 1339 1494 ἐς
1377 1429 1597 1512 λόγους,
1636 1430 1893 1510 αυχεῖτε

266 1525 559 1593 τοσοῦτον,
608 1522 714 1599 ὅρα
758 1520 839 1599 μὴ
892 1519 1077 1598 μάτην
1130 1519 1344 1596 κόμπος
1394 1518 1427 1579 ὅ
1479 1519 1648 1600 λόγος
1703 1517 1892 1585 οὗτος

271 1611 552 1689 εἰρημένος
587 1610 690 1688 εἴη.
773 1608 894 1669 ἐπεὶ
930 1607 1070 1685 φέρε
1105 1606 1201 1666 ἴδω
1230 1606 1402 1667 παντὶ
1423 1610 1503 1685 τῷ
1526 1605 1714 1666 οἰκότι·
1761 1614 1894 1674 κῶς

268 1698 336 1760 ἂν
371 1700 627 1761 δυναίατο
671 1699 864 1778 χιλιοι,
907 1695 944 1771 ἢ
987 1694 1080 1754 καὶ
1120 1719 1325 1772 μυριοι,
1361 1692 1399 1771 ἢ
1438 1695 1530 1753 καὶ
1569 1719 1891 1757 πεντακισ-

267 1788 471 1895 μύριοιξ
494 1789 673 1851 ἐόντες
696 1812 764 1869 γε
791 1783 1070 1860 ἐλεύθεροι
1094 1782 1296 1846 πάντες
1323 1781 1524 1888 ὁμοίως
1550 1783 1638 1842 καὶ
1661 1808 1742 1859 μη
1777 1782 1891 1845 ὑπ’

271 1866 390 1940 ἐνός
429 1876 746 1955 ἀρχόμενοι,
805 1874 1028 1950 στρατῷ
1078 1871 1292 1950 τοσῷδε
1334 1869 1684 1947 ἀντιστῆναις
1743 1876 1898 1934 ἐπεί

268 1990 358 2024 τοι
407 1967 640 2028 πλεῦνες
678 1962 807 2040 περὶ
853 1961 949 2020 ἕνα
991 1961 1230 2019 ἕκαστον
1272 1957 1618 2039 γινόμεθα
1584 1985 1620 2034 η
1665 1959 1889 2039 χίλιοι,

271 2049 468 2111 ἐόντων
501 2050 719 2110 ἐκείνων
747 2049 912 2108 πέντε
941 2046 1260 2126 χιλιαδέων.
1343 2045 1453 2105 ὑπὸ
1482 2049 1586 2122 μὲν
1609 2046 1720 2127 γὰρ
1747 2050 1892 2114 {mk

272 2134 572 2217 ἀρχόμενοι
614 2137 757 2195 κατὰ,
793 2134 1004 2213 τρόπον
1042 2134 1145 2195 τόν
1184 2133 1471 2212 ἡμέτερον,
1517 2133 1759 2215 γενοίατ’
1810 2135 1892 2200 ἂν

271 2224 643 2301 δειμαίνοντες
681 2227 879 2284 τοῦτον
924 2222 1016 2282 καὶ
1062 2221 1215 2298 παρὰ
1266 2219 1372 2298 τὴν
1426 2225 1636 2282 ἐωυτων
1688 2223 1892 2297 φύσιν

271 2311 569 2389 ἀμείνονες,
597 2310 688 2369 καὶ
722 2311 857 2370 ἴοιεν
876 2307 1322 2389 ἀναγκαζόμενοι
1354 2307 1593 2390 μάστιγι
1619 2315 1675 2373 ἐς
1698 2315 1891 2373 πλε-ὓ-

273 2426 372 2463 νας
407 2397 715 2461 ἐλάσσονες
748 2397 946 2460 ἐόντες·
987 2395 1265 2473 ἀνειμένοι
1296 2396 1357 2455 δὲ
1383 2400 1440 2460 ἐς
1463 2397 1530 2456 τὸ
1559 2397 1890 2476 ἐλεύθερον,

275 2486 376 2546 οὐκ
417 2485 485 2546 ἂν
519 2485 758 2545 ποιέοιεν
789 2485 1000 2545 τούτων
1037 2484 1314 2561 οὐδέτερα·
1397 2483 1568 2544 δοκέω
1600 2485 1661 2544 δὲ
1698 2486 1891 2570 ἔγωγε

277 2574 369 2633 καὶ
435 2573 804 2638 ἀνισωθέντας
868 2572 1077 2647 πλήθεϊ
1140 2573 1402 2651 χαλεπῶς
1461 2570 1530 2633 ἂν
1580 2571 1890 2650 Ἕλληνας

272 2662 537 2741 Πέρσῃσι
562 2662 822 2738 μούνοισι
845 2659 1150 2739 μάχεσθαι·
1199 2657 1356 2718 ἀλλά
1378 2658 1513 2736 παρ’
1539 2658 1676 2737 ἡμῖν
1704 2665 1893 2724 τοῦτό

276 2755 398 2809 ἐστι
433 2776 499 2810 το
528 2775 603 2809 συ
638 2750 837 2829 λέγεις·
879 2749 1001 2807 ἔστι
1024 2772 1093 2827 γε
1117 2747 1310 2822 μέντοι
1347 2775 1408 2809 οι
1446 2747 1690 2817 πολλδν,
1719 2746 1891 2809 ἀλλὰ

273 2837 532 2897 σπάνιον·
575 2837 686 2895 εἰσὶ
709 2861 823 2915 γαρ
850 2835 1118 2910 Περσέων
1136 2859 1246 2893 των
1266 2837 1411 2908 ἐμῶν
1432 2835 1808 2912 αἰχμοφόρων
1833 2838 1897 2898 οἳ

274 2923 619 3001 ἐθελήσουσι
640 2919 929 2996 Ἑλλήνων
955 2920 1192 2997 ἀνδράσι
1217 2919 1372 2996 τρισὶ
1398 2918 1544 2996 ὁμοῦ
1564 2922 1896 3001 μάχεσθαι·

184 3014 297 3071 104
313 3017 423 3072 τῶν
438 3010 514 3072 σύ
536 3010 638 3070 &w
658 3006 898 3085 ἄπειρος,
911 3007 1106 3067 πολλὰ
1125 3007 1475 3083 φλυηρέεις.”
1518 3008 1681 3085 Πρός
1700 3015 1902 3072 ταῦτα

275 3098 609 3176 Δημάρητος
646 3095 819 3175 λέγει·
857 3092 944 3151 “ὦ
977 3096 1243 3171 βασιλεῦ,
1272 3094 1517 3172 ἀρχῆθεν
1542 3093 1904 3174 ἠπιστάμην

275 3183 362 3244 ὅτι
385 3185 630 3264 ἀληθηΐῃ
654 3180 963 3263 χρεώμενος
988 3179 1054 3239 οὗ
1083 3183 1231 3256 φίλα
1254 3205 1342 3239 τοι
1370 3182 1519 3258 ἐρέω·
1548 3182 1626 3241 σι)
1651 3182 1714 3244 δὲ
1739 3187 1888 3245 ἐπεὶ

21 3301 145 3369 Β
