2100 3409
232 35 459 109 σει-42]
837 44 1246 94 ΨΕΡΨΙΧΟΡΗ.
1780 43 1841 93 31

232 128 294 186 αἱ
317 122 486 183 αὐταὶ
513 120 651 183 ἔωσι
677 122 857 198 φυλαὶ
883 123 976 181 καὶ
990 121 1172 193 Ἴωσι,
1198 120 1301 183 τόν
1318 120 1610 199 ὁμώνυμον
1629 111 1852 181 Κλεισῗ

237 211 395 271 θένεα
433 208 777 286 ἐμιμήσατο.
860 209 931 271 ὥς
955 210 1069 291 γὰρ
1107 209 1174 284 δή
1205 236 1306 270 τον
1332 208 1638 284 Ἀθηναίων
1665 209 1845 286 δῆμον

236 299 513 378 πρότερον
554 297 891 374 ἀπωσμένον
928 298 1057 359 τότε
1097 297 1281 358 πάντα
1320 323 1463 374 προς
1500 296 1605 373 τήν
1645 301 1847 357 ἑωυτοῦ

235 392 435 464 μοῖραν
491 386 908 464 προσεθήκατο,
952 412 1054 449 τας
1097 386 1283 462 φυλὰς
1334 384 1699 463 μετωνόμασε
1751 386 1844 444 καὶ

238 476 469 551 ἐποίησε
496 477 745 539 πλεῦνας
771 474 834 545 ἐξ
864 473 1214 536 ἐλασσόνων·
1257 475 1390 534 δέκα
1424 499 1485 533 τε
1523 472 1591 549 δὴ
1625 473 1841 551 φυλάρ-

236 587 366 642 χους
391 562 520 622 ἀντὶ
539 563 827 640 τεσσέρων
853 561 1102 638 ἐποίησε,
1132 562 1265 621 δέκα
1290 562 1350 621 δὲ
1376 561 1468 621 καὶ
1485 560 1615 625 τούς
1636 560 1845 638 δήμους

126 695 143 710 .
224 652 502 727 «ατένεμε
524 654 580 713 ἐς
597 648 699 713 τὰς
718 649 924 726 φυλάς·
949 648 1020 725 ἦν
1038 676 1117 720 τε,
1134 649 1235 709 τᾶν
1253 649 1430 726 δῆμον
1443 650 1841 726 προσθέμενος,

236 743 436 817 πολλῷ
463 736 776 815 κατύπερθε
800 741 912 797 τῶν
938 737 1438 799 ἀντιστασιωτέων.
1473 735 1573 796 Ἐν
1591 740 1668 815 τῷ
1684 738 1842 813 μέρεϊ
1859 738 1937 798 70

237 825 295 884 δὲ
324 825 674 901 ἑσσούμενος
704 825 735 885 ὅ
760 825 1077 907 Ἰσαγόρης,
1115 824 1500 904 ἀντιτεχνᾶται
1534 824 1683 884 τάδε·
1727 830 1840 884 ἐπι-

237 914 498 973 καλέεται
540 914 868 990 Κλεομένεα
912 913 1012 972 τόν
1053 912 1508 988 Λακεδαιμόνιον,
1544 912 1843 992 γενόμενον

238 1004 415 1080 ἑωυτῷ
448 1002 628 1071 ξεῖνον
662 1000 777 1061 σῖπό
814 1006 914 1077 τῆς
950 1001 1462 1077 Πεισιστρατιδέων
1495 1001 1842 1078 πολιορκίης·

234 1090 333 1149 τόν
385 1090 448 1148 δὲ
518 1091 843 1166 Κλεομένεα
910 1089 1026 1167 εἶχε
1080 1090 1228 1164 αἰτίη
1281 1093 1487 1164 φοιτᾶν
1537 1087 1691 1166 παρὰ
1740 1092 1842 1147 τοῦ

236 1175 540 1258 Ἰσαγόρεω
570 1176 676 1253 τήν
782 1182 962 1237 ναῖκα.
1044 1175 1118 1236 τὰ
1151 1179 1255 1253 μὲν
1282 1175 1350 1251 δή
1378 1180 1573 1252 πρῶτα
1606 1176 1842 1251 πέμπων

237 1263 269 1323 ὅ
323 1266 654 1342 Κλεομένης
707 1292 763 1328 ες
814 1265 915 1329 τοὶς
973 1263 1215 1339 Ἀθήνας
1273 1263 1502 1341 κήρυκα,
1557 1263 1843 1338 ἐξέβαλλε

226 1353 608 1423 νΚλεισθένεα,
651 1353 742 1411 καὶ
781 1352 900 1429 μετ’
930 1352 1099 1412 αὐτοῦ
1141 1350 1354 1414 ἄλλους
1393 1349 1646 1413 πολλοὺς
1676 1349 1841 1426 Ἀθη-

239 1442 401 1501 ναίων
426 1441 560 1504 τούς
590 1443 814 1521 ἐναγέας
842 1442 1131 1522 ἐπιλέγων·
1159 1444 1334 1499 ταῦτα
1355 1439 1415 1498 δὲ
1433 1439 1666 1515 πέμπων
1684 1440 1845 1519 ἔλεγε

240 1532 299 1587 ἐκ
325 1528 558 1607 διδαχῆς
581 1532 683 1588 τοῦ
708 1527 1031 1609 Ἰσαγόρεω·
1075 1531 1128 1586 οἰ
1147 1530 1251 1604 μὲν
1275 1527 1385 1608 γοῖρ
1410 1527 1845 1603 Ἀλκμαιωνίδαι

240 1616 330 1675 καὶ
371 1620 424 1675 οἰ
462 1621 853 1676 συστασιῶται
894 1615 1072 1675 αὐτῶν
1114 1615 1269 1693 εἶχον
1310 1615 1489 1691 αἰτίην
1523 1618 1623 1673 τοῦ
1658 1613 1837 1689 φόνου

237 1704 455 1763 τούτου·
498 1703 666 1766 αὖτὸς
706 1703 765 1762 δὲ
806 1702 871 1762 οὗ
911 1707 1151 1782 μετεῖχε,
1194 1702 1305 1762 οὐδ’
1348 1706 1401 1761 οἰ
1443 1703 1609 1777 φίλοι
1648 1699 1837 1760 αὗτοῧ.

241 1794 315 1849 Οἱ
331 1790 377 1850 δ’
394 1792 617 1872 ἐναγέες
632 1791 939 1867 Ἀθηναίων
961 1789 1065 1849 ὦδε
1085 1789 1516 1867 ὠνομάσθησαν·
1546 1788 1616 1863 ἦν
1637 1787 1841 1849 Κύλων
1859 1790 1932 1851 71

237 1882 346 1937 τῶν
368 1878 677 1954 Ἀθηναίων
702 1878 842 1954 ἀνὴρ
869 1878 1326 1954 Ὀλυμπιονίκης·
1356 1873 1515 1938 οὗτος
1536 1876 1627 1934 ἐπὶ
1647 1902 1841 1952 τυραν-

241 1966 345 2024 νῶι
395 1965 662 2042 ἐκόμησε·
721 1964 1256 2043 προσποιησάμενος
1297 1963 1355 2022 δὲ
1400 1962 1679 2038 ἑταιρηίην
1730 1967 1840 2022 τῶν

240 2052 570 2125 ἡλικιωτέων
597 2056 942 2129 καταλαβεῖν
976 2053 1081 2127 τὴν
1112 2051 1422 2128 ἀκρόπολιν
1450 2051 1734 2128 ἐπειρήθη·
1778 2050 1844 2110 οὗ

241 2140 537 2218 δυνάμενος
589 2140 647 2199 δὲ
706 2145 1094 2224 ἐπικρατῆσαι,
1152 2141 1331 2214 ἱκέτης
1386 2140 1529 2210 ἵζετο
1581 2137 1723 2217 πρὸς
1775 2139 1841 2199 τὰ

236 2225 490 2307 ἄγαλμα·
559 2228 786 2291 τούτους
836 2227 1132 2288 οἷνιστέασι
1174 2230 1276 2304 μὲν
1322 2231 1376 2286 οἶ
1421 2227 1684 2304 πρυτάνις
1734 2232 1844 2287 τῶν

241 2314 600 2392 Ναυκράρων,
643 2316 801 2391 οἷπερ
836 2317 1027 2391 ἔνεμον
1063 2315 1193 2375 τότε
1238 2314 1337 2379 τοὶς
1376 2314 1632 2390 Ἀθήνας,
1676 2315 1845 2396 ὖπεγ-

238 2402 403 2482 γύους
436 2404 592 2479 πλὴν
630 2402 887 2463 θανάτου·
933 2407 1208 2479 φονεῦσαι
1244 2403 1304 2462 δὲ
1336 2403 1532 2466 αὐτοῦς
1558 2404 1705 2479 αἰτίη
1734 2404 1846 2482 ἔχει

238 2489 696 2567 Ἀλκμαιωνίδας.
776 2494 954 2551 ταῦτα
986 2489 1099 2568 πρό
1132 2495 1235 2567 τῆς
1271 2483 1691 2567 Πεισιστράτου
1723 2490 1845 2566 ἧλι-

239 2579 359 2653 κίης
384 2579 624 2660 ἐγένετο.
1526 2570 1529 2573 ’

318 2665 649 2743 Κλεομένης
684 2666 744 2725 δὲ
789 2665 859 2730 ὥς
896 2666 1133 2743 πέμπων
1175 2664 1455 2740 ἐξέβαλλε
1497 2667 1847 2727 Κλεισθένεα
1864 2668 1943 2726 72

237 2754 330 2813 καὶ
367 2752 500 2817 τούς
534 2754 779 2834 ἐναγέας,
818 2754 1172 2828 Κλεισθένης
1209 2754 1312 2828 μὲν
1349 2752 1513 2815 αὐτὸς
1547 2752 1844 2833 ὑπεξέσχε·

234 2842 379 2916 μετοὶ
406 2842 498 2949 δὲ,
514 2838 738 2901 ουδὲν
700 2865 891 2916 ησσον
915 2845 1102 2917 παρῆν
1130 2845 1185 2902 ἐς
1209 2839 1310 2903 τοῖς
1335 2839 1634 2915 Ἀθήνας“
1602 2867 1633 2900 ο
1664 2846 1844 2900 Κλεο-

234 2930 407 3006 μένης
433 2929 498 2989 οὗ
527 2955 638 2989 συν
662 2928 886 3009 μεγαλῃ
912 2953 1075 3007 χειρι,
1104 2927 1435 3004 ἀπικόμενος
1463 2928 1522 2985 δὲ
1548 2928 1848 3006 αγηλατέει
1891 2921 1900 2930 ’

238 3017 556 3077 ἑπτακόσια
615 3016 841 3075 ἐπίστια
896 3016 1221 3090 Ἀθηναίων,
1279 3014 1351 3072 τά
1407 3017 1461 3071 οἰ
1516 3012 1751 3069 υπέθετο
1815 3037 1848 3067 ο

235 3098 557 3185 Ισαγόρης.
612 3108 790 3163 ταῦτα
831 3103 889 3162 δὲ
928 3102 1192 3176 πόιήσας,
1231 3099 1457 3173 δεύτερα
1487 3119 1591 3196 την
1622 3092 1847 3166 βουλην

222 3191 538 3252 -καταλύειν
575 3195 848 3281 ἐπειρᾶτο,
877 3188 1255 3266 τριηκοσίοισι
1281 3185 1338 3242 δὲ
1365 3185 1516 3240 τοῖσι
1540 3174 1846 3253 Ἰσαγόρεω
