<?xml version="1.0" encoding="UTF-8"?>
<!DOCTYPE html PUBLIC "-//W3C//DTD XHTML 1.0 Transitional//EN"
    "http://www.w3.org/TR/xhtml1/DTD/xhtml1-transitional.dtd">
<html xmlns="http://www.w3.org/1999/xhtml" xml:lang="en" lang="en">
 <head>
  <title>
</title>
<meta http-equiv="Content-Type" content="text/html;charset=utf-8" />
  <meta name='ocr-system' content='tesseract 3.04.00' />
  <meta name='ocr-capabilities' content='ocr_page ocr_carea ocr_par ocr_line ocrx_word'/>
</head>
<body>
  <div class='ocr_page' id='page_1' title='image "./herodotus00unkngoog_0052.png"; bbox 0 0 2100 3409; ppageno 0'>
   <div class='ocr_carea' id='block_1_1' title="bbox 219 67 1927 3300">
    <p class='ocr_par' dir='ltr' id='par_1_1' title="bbox 219 67 1927 3300">
     <span class='ocr_line' id='line_1_1' title="bbox 318 67 1925 134; baseline -0.001 -13"><span class='ocrx_word' id='word_1_1' title='bbox 318 72 382 121; x_wconf 76' lang='grc' dir='ltr'>ιο</span> <span class='ocrx_word' id='word_1_2' title='bbox 495 83 503 88; x_wconf 92' lang='grc'>·</span> <span class='ocrx_word' id='word_1_3' title='bbox 938 68 1304 119; x_wconf 66' lang='grc' dir='ltr'>ἩΡοΔοωοω</span> <span class='ocrx_word' id='word_1_4' title='bbox 1822 67 1925 134; x_wconf 82' lang='lat' dir='ltr'>[V.</span> 
     </span>
     <span class='ocr_line' id='line_1_2' title="bbox 221 147 1927 228; baseline 0 -18"><span class='ocrx_word' id='word_1_5' title='bbox 221 149 298 210; x_wconf 89' lang='grc'>90</span> <span class='ocrx_word' id='word_1_6' title='bbox 317 148 577 228; x_wconf 83' lang='grc' dir='ltr'>ἆνοίρσια.</span> <span class='ocrx_word' id='word_1_7' title='bbox 655 148 754 215; x_wconf 80' lang='grc' dir='ltr'>Ἐς</span> <span class='ocrx_word' id='word_1_8' title='bbox 786 151 1056 227; x_wconf 81' lang='grc' dir='ltr'>τιμωρίην</span> <span class='ocrx_word' id='word_1_9' title='bbox 1088 149 1148 208; x_wconf 80' lang='grc' dir='ltr'>δὲ</span> <span class='ocrx_word' id='word_1_10' title='bbox 1182 147 1797 226; x_wconf 76' lang='grc' dir='ltr'>παρασκευαζομένοισι</span> <span class='ocrx_word' id='word_1_11' title='bbox 1828 149 1927 210; x_wconf 77' lang='grc' dir='ltr'>αὖ·</span> 
     </span>
     <span class='ocr_line' id='line_1_3' title="bbox 315 236 1927 318; baseline -0.001 -19"><span class='ocrx_word' id='word_1_12' title='bbox 315 243 471 299; x_wconf 86' lang='grc' dir='ltr'>τοῖσι</span> <span class='ocrx_word' id='word_1_13' title='bbox 531 245 592 298; x_wconf 89' lang='grc' dir='ltr'>ἐκ</span> <span class='ocrx_word' id='word_1_14' title='bbox 640 237 1089 316; x_wconf 87' lang='grc' dir='ltr'>Λακεδαιμονίων</span> <span class='ocrx_word' id='word_1_15' title='bbox 1139 241 1376 317; x_wconf 87' lang='grc' dir='ltr'>πρῆγμα</span> <span class='ocrx_word' id='word_1_16' title='bbox 1423 236 1771 318; x_wconf 79' lang='grc' dir='ltr'>ἐγειρόμενον</span> <span class='ocrx_word' id='word_1_17' title='bbox 1828 244 1927 315; x_wconf 66' lang='grc' dir='ltr'>ἐμ·</span> 
     </span>
     <span class='ocr_line' id='line_1_4' title="bbox 319 324 1926 408; baseline 0.001 -21"><span class='ocrx_word' id='word_1_18' title='bbox 319 326 516 388; x_wconf 87' lang='grc' dir='ltr'>πόδιον</span> <span class='ocrx_word' id='word_1_19' title='bbox 556 329 794 408; x_wconf 85' lang='grc' dir='ltr'>ἐγένετο.</span> <span class='ocrx_word' id='word_1_20' title='bbox 875 325 1183 403; x_wconf 88' lang='grc' dir='ltr'>πυθόμενοι</span> <span class='ocrx_word' id='word_1_21' title='bbox 1225 326 1339 408; x_wconf 73' lang='grc' dir='ltr'>γαῖρ</span> <span class='ocrx_word' id='word_1_22' title='bbox 1394 328 1449 385; x_wconf 79' lang='grc' dir='ltr'>οἱ</span> <span class='ocrx_word' id='word_1_23' title='bbox 1489 324 1926 403; x_wconf 84' lang='grc' dir='ltr'>Λακεδαιμόνιοι</span> 
     </span>
     <span class='ocr_line' id='line_1_5' title="bbox 312 413 1925 493; baseline -0.001 -18"><span class='ocrx_word' id='word_1_24' title='bbox 312 415 385 475; x_wconf 83' lang='grc' dir='ltr'>τοὶ</span> <span class='ocrx_word' id='word_1_25' title='bbox 422 420 483 475; x_wconf 88' lang='grc' dir='ltr'>ἐκ</span> <span class='ocrx_word' id='word_1_26' title='bbox 525 418 635 475; x_wconf 80' lang='grc' dir='ltr'>τῶν</span> <span class='ocrx_word' id='word_1_27' title='bbox 664 413 1144 492; x_wconf 85' lang='grc' dir='ltr'>Ἀλκμαιωνιδέων</span> <span class='ocrx_word' id='word_1_28' title='bbox 1184 419 1241 477; x_wconf 77' lang='grc' dir='ltr'>ἐς</span> <span class='ocrx_word' id='word_1_29' title='bbox 1272 413 1377 489; x_wconf 73' lang='grc' dir='ltr'>τὴν</span> <span class='ocrx_word' id='word_1_30' title='bbox 1408 413 1632 489; x_wconf 84' lang='grc' dir='ltr'>Πυθίην</span> <span class='ocrx_word' id='word_1_31' title='bbox 1664 437 1925 493; x_wconf 81' lang='grc' dir='ltr'>μεμηχα-</span> 
     </span>
     <span class='ocr_line' id='line_1_6' title="bbox 316 502 1923 579; baseline -0.001 -16"><span class='ocrx_word' id='word_1_32' title='bbox 316 504 541 579; x_wconf 85' lang='grc' dir='ltr'>νημένα,</span> <span class='ocrx_word' id='word_1_33' title='bbox 591 503 685 561; x_wconf 73' lang='grc' dir='ltr'>καὶ</span> <span class='ocrx_word' id='word_1_34' title='bbox 724 503 799 563; x_wconf 78' lang='grc' dir='ltr'>τὰ</span> <span class='ocrx_word' id='word_1_35' title='bbox 839 509 900 563; x_wconf 82' lang='grc' dir='ltr'>ἐκ</span> <span class='ocrx_word' id='word_1_36' title='bbox 950 507 1053 578; x_wconf 85' lang='grc' dir='ltr'>τῆς</span> <span class='ocrx_word' id='word_1_37' title='bbox 1093 502 1310 578; x_wconf 81' lang='grc' dir='ltr'>Πυθίης</span> <span class='ocrx_word' id='word_1_38' title='bbox 1352 502 1444 560; x_wconf 80' lang='grc' dir='ltr'>ἐπὶ</span> <span class='ocrx_word' id='word_1_39' title='bbox 1492 502 1680 576; x_wconf 79' lang='grc' dir='ltr'>σφέας</span> <span class='ocrx_word' id='word_1_40' title='bbox 1719 527 1782 562; x_wconf 90' lang='grc' dir='ltr'>τε</span> <span class='ocrx_word' id='word_1_41' title='bbox 1828 503 1923 561; x_wconf 82' lang='grc' dir='ltr'>καὶ</span> 
     </span>
     <span class='ocr_line' id='line_1_7' title="bbox 313 589 1920 669; baseline -0.001 -18"><span class='ocrx_word' id='word_1_42' title='bbox 313 591 443 654; x_wconf 74' lang='grc' dir='ltr'>τούς</span> <span class='ocrx_word' id='word_1_43' title='bbox 484 591 974 669; x_wconf 75' lang='grc' dir='ltr'>Πεισιστρατίδας,</span> <span class='ocrx_word' id='word_1_44' title='bbox 1016 590 1323 667; x_wconf 78' lang='grc' dir='ltr'>συμφορήν</span> <span class='ocrx_word' id='word_1_45' title='bbox 1366 592 1649 649; x_wconf 76' lang='grc' dir='ltr'>ἐποιεῦντο</span> <span class='ocrx_word' id='word_1_46' title='bbox 1690 589 1920 665; x_wconf 88' lang='grc' dir='ltr'>διπλῆν,</span> 
     </span>
     <span class='ocr_line' id='line_1_8' title="bbox 313 676 1923 757; baseline -0.001 -19"><span class='ocrx_word' id='word_1_47' title='bbox 313 676 401 738; x_wconf 82' lang='grc' dir='ltr'>ὅτι</span> <span class='ocrx_word' id='word_1_48' title='bbox 439 705 504 739; x_wconf 91' lang='grc' dir='ltr'>τε</span> <span class='ocrx_word' id='word_1_49' title='bbox 542 678 743 757; x_wconf 76' lang='grc' dir='ltr'>ἄνδρας</span> <span class='ocrx_word' id='word_1_50' title='bbox 778 680 987 750; x_wconf 77' lang='grc' dir='ltr'>ξείνους</span> <span class='ocrx_word' id='word_1_51' title='bbox 1023 686 1137 755; x_wconf 88' lang='grc' dir='ltr'>σφι</span> <span class='ocrx_word' id='word_1_52' title='bbox 1172 678 1362 741; x_wconf 85' lang='grc' dir='ltr'>ἐόντας</span> <span class='ocrx_word' id='word_1_53' title='bbox 1402 676 1822 753; x_wconf 74' lang='grc' dir='ltr'>ἐξεληλάκεσαν</span> <span class='ocrx_word' id='word_1_54' title='bbox 1859 683 1923 739; x_wconf 82' lang='grc' dir='ltr'>ἐκ</span> 
     </span>
     <span class='ocr_line' id='line_1_9' title="bbox 312 762 1923 843; baseline -0.004 -12"><span class='ocrx_word' id='word_1_55' title='bbox 312 771 414 843; x_wconf 78' lang='grc' dir='ltr'>τῆς</span> <span class='ocrx_word' id='word_1_56' title='bbox 449 768 668 827; x_wconf 79' lang='grc' dir='ltr'>ἐκείνων</span> <span class='ocrx_word' id='word_1_57' title='bbox 703 769 796 826; x_wconf 86' lang='grc' dir='ltr'>καὶ</span> <span class='ocrx_word' id='word_1_58' title='bbox 834 767 921 827; x_wconf 82' lang='grc' dir='ltr'>ὅτι</span> <span class='ocrx_word' id='word_1_59' title='bbox 957 772 1136 827; x_wconf 82' lang='grc' dir='ltr'>ταῦτα</span> <span class='ocrx_word' id='word_1_60' title='bbox 1173 766 1456 842; x_wconf 81' lang='grc' dir='ltr'>ποιήσασι</span> <span class='ocrx_word' id='word_1_61' title='bbox 1489 762 1652 843; x_wconf 76' lang='grc' dir='ltr'>χάρις</span> <span class='ocrx_word' id='word_1_62' title='bbox 1687 764 1923 840; x_wconf 73' lang='grc' dir='ltr'>οὐδεμία</span> 
     </span>
     <span class='ocr_line' id='line_1_10' title="bbox 313 850 1920 932; baseline 0 -20"><span class='ocrx_word' id='word_1_63' title='bbox 313 857 573 930; x_wconf 83' lang='grc' dir='ltr'>ἐφαίνετο</span> <span class='ocrx_word' id='word_1_64' title='bbox 607 854 748 932; x_wconf 79' lang='grc' dir='ltr'>πρός</span> <span class='ocrx_word' id='word_1_65' title='bbox 776 859 889 914; x_wconf 78' lang='grc' dir='ltr'>τῶν</span> <span class='ocrx_word' id='word_1_66' title='bbox 922 854 1253 930; x_wconf 81' lang='grc' dir='ltr'>Ἀθηναίων·</span> <span class='ocrx_word' id='word_1_67' title='bbox 1309 855 1390 913; x_wconf 85' lang='grc' dir='ltr'>ἔτι</span> <span class='ocrx_word' id='word_1_68' title='bbox 1430 878 1493 912; x_wconf 87' lang='grc' dir='ltr'>τε</span> <span class='ocrx_word' id='word_1_69' title='bbox 1532 851 1675 929; x_wconf 80' lang='grc' dir='ltr'>πρός</span> <span class='ocrx_word' id='word_1_70' title='bbox 1704 850 1920 912; x_wconf 65' lang='grc' dir='ltr'>τούτου·</span> 
     </span>
     <span class='ocr_line' id='line_1_11' title="bbox 314 939 1921 1023; baseline -0.001 -22"><span class='ocrx_word' id='word_1_71' title='bbox 314 967 379 1001; x_wconf 89' lang='grc' dir='ltr'>σι</span> <span class='ocrx_word' id='word_1_72' title='bbox 431 942 631 1023; x_wconf 77' lang='grc' dir='ltr'>ἔνῆγόν</span> <span class='ocrx_word' id='word_1_73' title='bbox 675 947 860 1019; x_wconf 79' lang='grc' dir='ltr'>σφεας</span> <span class='ocrx_word' id='word_1_74' title='bbox 900 946 956 1002; x_wconf 80' lang='grc' dir='ltr'>οἱ</span> <span class='ocrx_word' id='word_1_75' title='bbox 994 943 1264 1021; x_wconf 79' lang='grc' dir='ltr'>χρησμοὶ,</span> <span class='ocrx_word' id='word_1_76' title='bbox 1314 942 1575 1022; x_wconf 76' lang='grc' dir='ltr'>λέγοντες</span> <span class='ocrx_word' id='word_1_77' title='bbox 1614 939 1814 999; x_wconf 78' lang='grc' dir='ltr'>πολλοί</span> <span class='ocrx_word' id='word_1_78' title='bbox 1854 967 1921 1000; x_wconf 92' lang='grc' dir='ltr'>τε</span> 
     </span>
     <span class='ocr_line' id='line_1_12' title="bbox 313 1027 1920 1106; baseline 0 -19"><span class='ocrx_word' id='word_1_79' title='bbox 313 1030 406 1087; x_wconf 86' lang='grc' dir='ltr'>καὶ</span> <span class='ocrx_word' id='word_1_80' title='bbox 453 1029 696 1106; x_wconf 80' lang='grc' dir='ltr'>ἀνάρσια</span> <span class='ocrx_word' id='word_1_81' title='bbox 749 1029 982 1089; x_wconf 87' lang='grc' dir='ltr'>ἔσεσθαι</span> <span class='ocrx_word' id='word_1_82' title='bbox 1036 1028 1261 1089; x_wconf 79' lang='grc' dir='ltr'>αὖτοΐσι</span> <span class='ocrx_word' id='word_1_83' title='bbox 1315 1030 1377 1099; x_wconf 82' lang='grc' dir='ltr'>ἐξ</span> <span class='ocrx_word' id='word_1_84' title='bbox 1424 1027 1752 1103; x_wconf 86' lang='grc' dir='ltr'>Ἀθηναίων·</span> <span class='ocrx_word' id='word_1_85' title='bbox 1805 1031 1920 1087; x_wconf 74' lang='grc' dir='ltr'>τῶν</span> 
     </span>
     <span class='ocr_line' id='line_1_13' title="bbox 312 1115 1919 1194; baseline -0.001 -20"><span class='ocrx_word' id='word_1_86' title='bbox 312 1116 583 1194; x_wconf 89' lang='grc' dir='ltr'>πρότερον</span> <span class='ocrx_word' id='word_1_87' title='bbox 639 1119 745 1194; x_wconf 75' lang='grc' dir='ltr'>μὲν</span> <span class='ocrx_word' id='word_1_88' title='bbox 796 1116 949 1192; x_wconf 84' lang='grc' dir='ltr'>ἦσαν</span> <span class='ocrx_word' id='word_1_89' title='bbox 1000 1115 1209 1186; x_wconf 76' lang='grc' dir='ltr'>ἀδαέες,</span> <span class='ocrx_word' id='word_1_90' title='bbox 1268 1117 1398 1177; x_wconf 89' lang='grc' dir='ltr'>τότε</span> <span class='ocrx_word' id='word_1_91' title='bbox 1452 1115 1510 1175; x_wconf 79' lang='grc' dir='ltr'>δὲ</span> <span class='ocrx_word' id='word_1_92' title='bbox 1564 1115 1919 1190; x_wconf 84' lang='grc' dir='ltr'>Κλεομένεος</span> 
     </span>
     <span class='ocr_line' id='line_1_14' title="bbox 240 1199 1918 1282; baseline 0.001 -20"><span class='ocrx_word' id='word_1_93' title='bbox 240 1229 247 1236; x_wconf 83' lang='grc'>·</span> <span class='ocrx_word' id='word_1_94' title='bbox 313 1206 649 1281; x_wconf 87' lang='grc' dir='ltr'>κομίσαντος</span> <span class='ocrx_word' id='word_1_95' title='bbox 710 1211 766 1269; x_wconf 84' lang='grc' dir='ltr'>ἐς</span> <span class='ocrx_word' id='word_1_96' title='bbox 821 1205 1087 1282; x_wconf 79' lang='grc' dir='ltr'>Σπάρτην</span> <span class='ocrx_word' id='word_1_97' title='bbox 1150 1204 1434 1280; x_wconf 80' lang='grc' dir='ltr'>ἐξέμαθον.</span> <span class='ocrx_word' id='word_1_98' title='bbox 1522 1199 1801 1277; x_wconf 80' lang='grc' dir='ltr'>ἐκτήσατο</span> <span class='ocrx_word' id='word_1_99' title='bbox 1854 1204 1918 1263; x_wconf 82' lang='grc' dir='ltr'>δέ</span> 
     </span>
     <span class='ocr_line' id='line_1_15' title="bbox 311 1289 1916 1369; baseline -0.002 -18"><span class='ocrx_word' id='word_1_100' title='bbox 311 1291 343 1351; x_wconf 81' lang='grc' dir='ltr'>ὁ</span> <span class='ocrx_word' id='word_1_101' title='bbox 394 1294 719 1369; x_wconf 76' lang='grc' dir='ltr'>Κλεομένης</span> <span class='ocrx_word' id='word_1_102' title='bbox 775 1297 837 1352; x_wconf 88' lang='grc' dir='ltr'>ἐκ</span> <span class='ocrx_word' id='word_1_103' title='bbox 882 1296 985 1367; x_wconf 79' lang='grc' dir='ltr'>τῆς</span> <span class='ocrx_word' id='word_1_104' title='bbox 1036 1290 1343 1366; x_wconf 86' lang='grc' dir='ltr'>Ἀθηναίων</span> <span class='ocrx_word' id='word_1_105' title='bbox 1394 1289 1734 1368; x_wconf 75' lang='grc' dir='ltr'>ἀκροπόλιος</span> <span class='ocrx_word' id='word_1_106' title='bbox 1783 1289 1916 1354; x_wconf 77' lang='grc' dir='ltr'>τούς</span> 
     </span>
     <span class='ocr_line' id='line_1_16' title="bbox 311 1378 1914 1457; baseline -0.001 -20"><span class='ocrx_word' id='word_1_107' title='bbox 311 1379 619 1457; x_wconf 74' lang='grc' dir='ltr'>χρησμοῦς,</span> <span class='ocrx_word' id='word_1_108' title='bbox 671 1380 803 1443; x_wconf 76' lang='grc' dir='ltr'>τούς</span> <span class='ocrx_word' id='word_1_109' title='bbox 853 1381 1079 1456; x_wconf 82' lang='grc' dir='ltr'>ἔκτηντο</span> <span class='ocrx_word' id='word_1_110' title='bbox 1132 1381 1240 1456; x_wconf 78' lang='grc' dir='ltr'>μὲν</span> <span class='ocrx_word' id='word_1_111' title='bbox 1283 1378 1555 1456; x_wconf 88' lang='grc' dir='ltr'>πρότερον</span> <span class='ocrx_word' id='word_1_112' title='bbox 1607 1379 1661 1436; x_wconf 79' lang='grc' dir='ltr'>οἱ</span> <span class='ocrx_word' id='word_1_113' title='bbox 1715 1383 1914 1437; x_wconf 88' lang='grc' dir='ltr'>Πεισι-</span> 
     </span>
     <span class='ocr_line' id='line_1_17' title="bbox 313 1466 1911 1544; baseline -0.001 -19"><span class='ocrx_word' id='word_1_114' title='bbox 313 1466 606 1543; x_wconf 77' lang='grc' dir='ltr'>στρατίδαι</span> <span class='ocrx_word' id='word_1_115' title='bbox 643 1466 1064 1544; x_wconf 79' lang='grc' dir='ltr'>ἐξελαυνόμενοι</span> <span class='ocrx_word' id='word_1_116' title='bbox 1105 1467 1166 1527; x_wconf 78' lang='grc' dir='ltr'>δὲ</span> <span class='ocrx_word' id='word_1_117' title='bbox 1207 1468 1405 1527; x_wconf 83' lang='grc' dir='ltr'>ἔλιπον</span> <span class='ocrx_word' id='word_1_118' title='bbox 1441 1471 1499 1526; x_wconf 86' lang='grc' dir='ltr'>ἐν</span> <span class='ocrx_word' id='word_1_119' title='bbox 1533 1469 1610 1543; x_wconf 76' lang='grc' dir='ltr'>τῷ</span> <span class='ocrx_word' id='word_1_120' title='bbox 1646 1467 1761 1543; x_wconf 74' lang='grc' dir='ltr'>ἱρῷ·</span> <span class='ocrx_word' id='word_1_121' title='bbox 1819 1491 1911 1524; x_wconf 89' lang='grc' dir='ltr'>κα-</span> 
     </span>
     <span class='ocr_line' id='line_1_18' title="bbox 219 1553 1913 1632; baseline -0.001 -19"><span class='ocrx_word' id='word_1_122' title='bbox 219 1555 714 1630; x_wconf 86' lang='grc' dir='ltr'>91ταλειφθέντας</span> <span class='ocrx_word' id='word_1_123' title='bbox 759 1555 818 1614; x_wconf 74' lang='grc' dir='ltr'>δὲ</span> <span class='ocrx_word' id='word_1_124' title='bbox 866 1555 899 1615; x_wconf 78' lang='grc' dir='ltr'>ὅ</span> <span class='ocrx_word' id='word_1_125' title='bbox 918 1581 923 1586; x_wconf 90' lang='grc'><em>·</em></span> <span class='ocrx_word' id='word_1_126' title='bbox 945 1556 1273 1632; x_wconf 84' lang='grc' dir='ltr'>Κλεομένης</span> <span class='ocrx_word' id='word_1_127' title='bbox 1324 1554 1585 1630; x_wconf 73' lang='grc' dir='ltr'>ἀνέλαβε.</span> <span class='ocrx_word' id='word_1_128' title='bbox 1671 1553 1813 1611; x_wconf 86' lang='grc' dir='ltr'>Τότε</span> <span class='ocrx_word' id='word_1_129' title='bbox 1852 1554 1913 1612; x_wconf 84' lang='grc' dir='ltr'>δὲ</span> 
     </span>
     <span class='ocr_line' id='line_1_19' title="bbox 312 1638 1913 1720; baseline -0.001 -20"><span class='ocrx_word' id='word_1_130' title='bbox 312 1641 384 1706; x_wconf 76' lang='grc' dir='ltr'>ὥς</span> <span class='ocrx_word' id='word_1_131' title='bbox 424 1641 709 1718; x_wconf 72' lang='grc' dir='ltr'>ἀνέλαβον</span> <span class='ocrx_word' id='word_1_132' title='bbox 740 1647 794 1703; x_wconf 81' lang='grc' dir='ltr'>οἱ</span> <span class='ocrx_word' id='word_1_133' title='bbox 828 1642 1260 1720; x_wconf 87' lang='grc' dir='ltr'>Λακεδαιμόνιοι</span> <span class='ocrx_word' id='word_1_134' title='bbox 1301 1642 1432 1704; x_wconf 73' lang='grc' dir='ltr'>τούς</span> <span class='ocrx_word' id='word_1_135' title='bbox 1472 1638 1780 1719; x_wconf 75' lang='grc' dir='ltr'>χρησμοῦς,</span> <span class='ocrx_word' id='word_1_136' title='bbox 1820 1642 1913 1699; x_wconf 88' lang='grc' dir='ltr'>καὶ</span> 
     </span>
     <span class='ocr_line' id='line_1_20' title="bbox 309 1726 1915 1809; baseline -0.002 -21"><span class='ocrx_word' id='word_1_137' title='bbox 309 1730 439 1793; x_wconf 72' lang='grc' dir='ltr'>τοῦς</span> <span class='ocrx_word' id='word_1_138' title='bbox 488 1729 816 1807; x_wconf 84' lang='grc' dir='ltr'>Ἀθηναίους</span> <span class='ocrx_word' id='word_1_139' title='bbox 869 1731 1065 1809; x_wconf 83' lang='grc' dir='ltr'>ἑῶρεον</span> <span class='ocrx_word' id='word_1_140' title='bbox 1129 1729 1463 1807; x_wconf 77' lang='grc' dir='ltr'>αὐξομένους</span> <span class='ocrx_word' id='word_1_141' title='bbox 1514 1727 1607 1787; x_wconf 86' lang='grc' dir='ltr'>καὶ</span> <span class='ocrx_word' id='word_1_142' title='bbox 1660 1726 1915 1802; x_wconf 76' lang='grc' dir='ltr'>οὐδαμῶς</span> 
     </span>
     <span class='ocr_line' id='line_1_21' title="bbox 317 1813 1910 1895; baseline -0.001 -18"><span class='ocrx_word' id='word_1_143' title='bbox 317 1819 569 1895; x_wconf 76' lang='grc' dir='ltr'>ἑτοίμους</span> <span class='ocrx_word' id='word_1_144' title='bbox 611 1817 801 1883; x_wconf 82' lang='grc' dir='ltr'>ἐόντας</span> <span class='ocrx_word' id='word_1_145' title='bbox 845 1819 1148 1880; x_wconf 85' lang='grc' dir='ltr'>πείθεσθαί</span> <span class='ocrx_word' id='word_1_146' title='bbox 1184 1822 1311 1893; x_wconf 88' lang='grc' dir='ltr'>σφι,</span> <span class='ocrx_word' id='word_1_147' title='bbox 1356 1816 1464 1895; x_wconf 89' lang='grc' dir='ltr'>νόω</span> <span class='ocrx_word' id='word_1_148' title='bbox 1515 1813 1795 1890; x_wconf 84' lang='grc' dir='ltr'>λαβόντες</span> <span class='ocrx_word' id='word_1_149' title='bbox 1840 1841 1910 1876; x_wconf 81' lang='grc' dir='ltr'>ως</span> 
     </span>
     <span class='ocr_line' id='line_1_22' title="bbox 311 1900 1913 2015; baseline -0.001 -52"><span class='ocrx_word' id='word_1_150' title='bbox 311 1905 603 1983; x_wconf 83' lang='grc' dir='ltr'>ἐλεύθερον</span> <span class='ocrx_word' id='word_1_151' title='bbox 633 1910 737 1983; x_wconf 83' lang='grc' dir='ltr'>μὲν</span> <span class='ocrx_word' id='word_1_152' title='bbox 772 1906 866 1967; x_wconf 85' lang='grc' dir='ltr'>ἐον</span> <span class='ocrx_word' id='word_1_153' title='bbox 899 1933 966 1966; x_wconf 92' lang='grc' dir='ltr'>το</span> <span class='ocrx_word' id='word_1_154' title='bbox 1002 1907 1165 2015; x_wconf 82' lang='grc' dir='ltr'>γένος</span> <span class='ocrx_word' id='word_1_155' title='bbox 1202 1905 1269 1965; x_wconf 75' lang='grc' dir='ltr'>τὰ</span> <span class='ocrx_word' id='word_1_156' title='bbox 1309 1903 1565 1963; x_wconf 73' lang='grc' dir='ltr'>Ἀττικὸν</span> <span class='ocrx_word' id='word_1_157' title='bbox 1605 1900 1913 1977; x_wconf 82' lang='grc' dir='ltr'>ἰσόρροπον</span> 
     </span>
     <span class='ocr_line' id='line_1_23' title="bbox 307 1990 1912 2075; baseline 0.001 -23"><span class='ocrx_word' id='word_1_158' title='bbox 307 1997 385 2071; x_wconf 78' lang='grc' dir='ltr'>τῷ</span> <span class='ocrx_word' id='word_1_159' title='bbox 426 1998 639 2055; x_wconf 82' lang='grc' dir='ltr'>ἐωυτῶν</span> <span class='ocrx_word' id='word_1_160' title='bbox 678 1995 908 2075; x_wconf 82' lang='grc' dir='ltr'>γίνοιτο,</span> <span class='ocrx_word' id='word_1_161' title='bbox 943 1993 1317 2073; x_wconf 87' lang='grc' dir='ltr'>κατεχόμενον</span> <span class='ocrx_word' id='word_1_162' title='bbox 1352 1991 1477 2051; x_wconf 65' lang='grc' dir='ltr'>δὲ’</span> <span class='ocrx_word' id='word_1_163' title='bbox 1442 1991 1554 2051; x_wconf 80' lang='grc' dir='ltr'>υπὸ</span> <span class='ocrx_word' id='word_1_164' title='bbox 1590 1990 1912 2067; x_wconf 84' lang='grc' dir='ltr'>τυραννίδος</span> 
     </span>
     <span class='ocr_line' id='line_1_24' title="bbox 309 2077 1911 2159; baseline -0.002 -20"><span class='ocrx_word' id='word_1_165' title='bbox 309 2079 541 2143; x_wconf 87' lang='grc' dir='ltr'>ασθενες</span> <span class='ocrx_word' id='word_1_166' title='bbox 595 2082 688 2139; x_wconf 85' lang='grc' dir='ltr'>καὶ</span> <span class='ocrx_word' id='word_1_167' title='bbox 740 2080 1175 2159; x_wconf 85' lang='grc' dir='ltr'>πειθαρχέεσθαι</span> <span class='ocrx_word' id='word_1_168' title='bbox 1226 2084 1465 2156; x_wconf 85' lang='grc' dir='ltr'>ετοῖμον·</span> <span class='ocrx_word' id='word_1_169' title='bbox 1524 2077 1796 2156; x_wconf 86' lang='grc' dir='ltr'>μαθόντες</span> <span class='ocrx_word' id='word_1_170' title='bbox 1850 2078 1911 2137; x_wconf 87' lang='grc' dir='ltr'>δὲ</span> 
     </span>
     <span class='ocr_line' id='line_1_25' title="bbox 312 2165 1912 2243; baseline -0.001 -18"><span class='ocrx_word' id='word_1_171' title='bbox 312 2167 521 2226; x_wconf 81' lang='grc' dir='ltr'>τούτων</span> <span class='ocrx_word' id='word_1_172' title='bbox 570 2168 795 2238; x_wconf 77' lang='grc' dir='ltr'>ἕκαστα,</span> <span class='ocrx_word' id='word_1_173' title='bbox 844 2168 1265 2243; x_wconf 86' lang='grc' dir='ltr'>μετεπέμποντο</span> <span class='ocrx_word' id='word_1_174' title='bbox 1306 2167 1530 2243; x_wconf 89' lang='grc' dir='ltr'>Ἱππίην</span> <span class='ocrx_word' id='word_1_175' title='bbox 1570 2165 1669 2226; x_wconf 77' lang='grc' dir='ltr'>τᾶν</span> <span class='ocrx_word' id='word_1_176' title='bbox 1712 2170 1912 2224; x_wconf 85' lang='grc' dir='ltr'>Πεισι-</span> 
     </span>
     <span class='ocr_line' id='line_1_26' title="bbox 310 2247 1911 2336; baseline 0 -23"><span class='ocrx_word' id='word_1_177' title='bbox 310 2254 555 2331; x_wconf 68' lang='grc' dir='ltr'>στράτου</span> <span class='ocrx_word' id='word_1_178' title='bbox 609 2253 720 2315; x_wconf 72' lang='grc' dir='ltr'>ἀπὸ</span> <span class='ocrx_word' id='word_1_179' title='bbox 770 2254 990 2336; x_wconf 76' lang='grc' dir='ltr'>Σιγείου</span> <span class='ocrx_word' id='word_1_180' title='bbox 1039 2259 1142 2315; x_wconf 82' lang='grc' dir='ltr'>τοῦ</span> <span class='ocrx_word' id='word_1_181' title='bbox 1196 2261 1253 2314; x_wconf 91' lang='grc' dir='ltr'>ἐν</span> <span class='ocrx_word' id='word_1_182' title='bbox 1299 2254 1724 2332; x_wconf 79' lang='grc' dir='ltr'>Ἑλλησπόντῳ,</span> <span class='ocrx_word' id='word_1_183' title='bbox 1774 2258 1827 2316; x_wconf 86' lang='grc' dir='ltr'>ἐς</span> <span class='ocrx_word' id='word_1_184' title='bbox 1873 2247 1911 2313; x_wconf 75' lang='grc'><em>3</em></span> 
     </span>
     <span class='ocr_line' id='line_1_27' title="bbox 310 2340 1913 2422; baseline 0.002 -23"><span class='ocrx_word' id='word_1_185' title='bbox 310 2340 728 2422; x_wconf 79' lang='grc' dir='ltr'>καταφεύγουσι</span> <span class='ocrx_word' id='word_1_186' title='bbox 769 2345 823 2402; x_wconf 81' lang='grc' dir='ltr'>οἱ</span> <span class='ocrx_word' id='word_1_187' title='bbox 869 2343 1353 2420; x_wconf 84' lang='grc' dir='ltr'>Πεισιστρατίδαι·</span> <span class='ocrx_word' id='word_1_188' title='bbox 1410 2344 1534 2402; x_wconf 88' lang='grc' dir='ltr'>ἐπεί</span> <span class='ocrx_word' id='word_1_189' title='bbox 1567 2367 1631 2402; x_wconf 92' lang='grc' dir='ltr'>τε</span> <span class='ocrx_word' id='word_1_190' title='bbox 1683 2341 1746 2400; x_wconf 85' lang='grc' dir='ltr'>δέ</span> <span class='ocrx_word' id='word_1_191' title='bbox 1797 2349 1913 2418; x_wconf 89' lang='grc' dir='ltr'>σφι</span> 
     </span>
     <span class='ocr_line' id='line_1_28' title="bbox 308 2428 1914 2508; baseline 0.001 -20"><span class='ocrx_word' id='word_1_192' title='bbox 308 2428 528 2505; x_wconf 89' lang='grc' dir='ltr'>Ἱππίης</span> <span class='ocrx_word' id='word_1_193' title='bbox 573 2429 908 2506; x_wconf 87' lang='grc' dir='ltr'>καλεόμενος</span> <span class='ocrx_word' id='word_1_194' title='bbox 951 2428 1070 2506; x_wconf 83' lang='grc' dir='ltr'>ἧκε,</span> <span class='ocrx_word' id='word_1_195' title='bbox 1117 2430 1614 2508; x_wconf 77' lang='grc' dir='ltr'>μεταπεμψάμενοι</span> <span class='ocrx_word' id='word_1_196' title='bbox 1666 2429 1760 2488; x_wconf 84' lang='grc' dir='ltr'>καὶ</span> <span class='ocrx_word' id='word_1_197' title='bbox 1799 2434 1914 2490; x_wconf 77' lang='grc' dir='ltr'>τῶν</span> 
     </span>
     <span class='ocr_line' id='line_1_29' title="bbox 309 2516 1913 2600; baseline 0 -23"><span class='ocrx_word' id='word_1_198' title='bbox 309 2516 499 2578; x_wconf 76' lang='grc' dir='ltr'>ἄλλων</span> <span class='ocrx_word' id='word_1_199' title='bbox 534 2516 846 2598; x_wconf 79' lang='grc' dir='ltr'>συμμάχων</span> <span class='ocrx_word' id='word_1_200' title='bbox 877 2516 1168 2600; x_wconf 75' lang='grc' dir='ltr'>ἀγγέλους,</span> <span class='ocrx_word' id='word_1_201' title='bbox 1198 2518 1394 2599; x_wconf 82' lang='grc' dir='ltr'>ἔλεγόν</span> <span class='ocrx_word' id='word_1_202' title='bbox 1419 2525 1532 2595; x_wconf 90' lang='grc' dir='ltr'>σφι</span> <span class='ocrx_word' id='word_1_203' title='bbox 1559 2521 1913 2594; x_wconf 81' lang='grc' dir='ltr'>Σπαρτιῆται</span> 
     </span>
     <span class='ocr_line' id='line_1_30' title="bbox 307 2604 1913 2687; baseline -0.001 -22"><span class='ocrx_word' id='word_1_204' title='bbox 307 2606 459 2665; x_wconf 79' lang='grc' dir='ltr'>τάδε·</span> <span class='ocrx_word' id='word_1_205' title='bbox 511 2616 546 2643; x_wconf 83' lang='grc'><strong>“</strong></span> <span class='ocrx_word' id='word_1_206' title='bbox 565 2605 758 2685; x_wconf 85' lang='grc' dir='ltr'>ανδρες</span> <span class='ocrx_word' id='word_1_207' title='bbox 803 2604 1115 2685; x_wconf 80' lang='grc' dir='ltr'>σύμμαχοι,</span> <span class='ocrx_word' id='word_1_208' title='bbox 1170 2632 1632 2687; x_wconf 86' lang='grc' dir='ltr'>συγγινωσκομεν</span> <span class='ocrx_word' id='word_1_209' title='bbox 1684 2604 1913 2665; x_wconf 86' lang='grc' dir='ltr'>αυτοῖσι</span> 
     </span>
     <span class='ocr_line' id='line_1_31' title="bbox 305 2692 1912 2776; baseline -0.001 -23"><span class='ocrx_word' id='word_1_210' title='bbox 305 2692 442 2771; x_wconf 75' lang='grc' dir='ltr'>ἡμῖν</span> <span class='ocrx_word' id='word_1_211' title='bbox 488 2694 555 2754; x_wconf 79' lang='grc' dir='ltr'>οὗ</span> <span class='ocrx_word' id='word_1_212' title='bbox 603 2695 884 2770; x_wconf 85' lang='grc' dir='ltr'>ποιήσασι</span> <span class='ocrx_word' id='word_1_213' title='bbox 927 2693 1124 2772; x_wconf 71' lang='grc' dir='ltr'>ὀρθῶς·</span> <span class='ocrx_word' id='word_1_214' title='bbox 1177 2694 1506 2772; x_wconf 80' lang='grc' dir='ltr'>ἐπαρθέντες</span> <span class='ocrx_word' id='word_1_215' title='bbox 1549 2721 1662 2776; x_wconf 86' lang='grc' dir='ltr'>γαρ</span> <span class='ocrx_word' id='word_1_216' title='bbox 1714 2693 1912 2770; x_wconf 84' lang='grc' dir='ltr'>κιβδή-</span> 
     </span>
     <span class='ocr_line' id='line_1_32' title="bbox 308 2781 1914 2859; baseline 0 -19"><span class='ocrx_word' id='word_1_217' title='bbox 308 2785 466 2841; x_wconf 90' lang='grc' dir='ltr'>λοισι</span> <span class='ocrx_word' id='word_1_218' title='bbox 518 2783 856 2859; x_wconf 68' lang='grc' dir='ltr'>μαντηίοισι,</span> <span class='ocrx_word' id='word_1_219' title='bbox 902 2781 1104 2859; x_wconf 87' lang='grc' dir='ltr'>ανδρας</span> <span class='ocrx_word' id='word_1_220' title='bbox 1156 2783 1363 2853; x_wconf 79' lang='grc' dir='ltr'>ξείνους</span> <span class='ocrx_word' id='word_1_221' title='bbox 1409 2782 1600 2845; x_wconf 83' lang='grc' dir='ltr'>ἐόντας</span> <span class='ocrx_word' id='word_1_222' title='bbox 1651 2781 1790 2858; x_wconf 83' lang='grc' dir='ltr'>ἧμῖν</span> <span class='ocrx_word' id='word_1_223' title='bbox 1837 2807 1914 2841; x_wconf 91' lang='grc' dir='ltr'>τα</span> 
     </span>
     <span class='ocr_line' id='line_1_33' title="bbox 305 2868 1914 2949; baseline 0.004 -21"><span class='ocrx_word' id='word_1_224' title='bbox 305 2868 562 2945; x_wconf 78' lang='grc' dir='ltr'>μάλιστα</span> <span class='ocrx_word' id='word_1_225' title='bbox 588 2870 680 2928; x_wconf 86' lang='grc' dir='ltr'>καὶ</span> <span class='ocrx_word' id='word_1_226' title='bbox 706 2869 1194 2946; x_wconf 71' lang='grc' dir='ltr'>ἀναδεκομένους“</span> <span class='ocrx_word' id='word_1_227' title='bbox 1159 2871 1481 2949; x_wconf 88' lang='grc' dir='ltr'>υποχειρίας</span> <span class='ocrx_word' id='word_1_228' title='bbox 1509 2871 1771 2948; x_wconf 81' lang='grc' dir='ltr'>παρέξειν</span> <span class='ocrx_word' id='word_1_229' title='bbox 1808 2895 1914 2934; x_wconf 86' lang='grc' dir='ltr'>τας</span> 
     </span>
     <span class='ocr_line' id='line_1_34' title="bbox 305 2954 1914 3036; baseline 0.001 -21.011"><span class='ocrx_word' id='word_1_230' title='bbox 305 2954 562 3033; x_wconf 83' lang='grc' dir='ltr'>Ἀθήνας,</span> <span class='ocrx_word' id='word_1_231' title='bbox 589 2956 819 3020; x_wconf 80' lang='grc' dir='ltr'>τούτους</span> <span class='ocrx_word' id='word_1_232' title='bbox 860 2961 921 3015; x_wconf 85' lang='grc' dir='ltr'>ἐκ</span> <span class='ocrx_word' id='word_1_233' title='bbox 956 2961 1060 3034; x_wconf 85' lang='grc' dir='ltr'>τῆς</span> <span class='ocrx_word' id='word_1_234' title='bbox 1094 2959 1360 3036; x_wconf 88' lang='grc' dir='ltr'>πατρίδος</span> <span class='ocrx_word' id='word_1_235' title='bbox 1398 2958 1778 3036; x_wconf 83' lang='grc' dir='ltr'>ἐξηλασαμεν,</span> <span class='ocrx_word' id='word_1_236' title='bbox 1817 2958 1914 3017; x_wconf 85' lang='grc' dir='ltr'>καὶ</span> 
     </span>
     <span class='ocr_line' id='line_1_35' title="bbox 311 3043 1914 3127; baseline 0 -22"><span class='ocrx_word' id='word_1_237' title='bbox 311 3046 514 3117; x_wconf 82' lang='grc' dir='ltr'>ἔπειτα,</span> <span class='ocrx_word' id='word_1_238' title='bbox 543 3043 881 3121; x_wconf 84' lang='grc' dir='ltr'>ποιήσαντες</span> <span class='ocrx_word' id='word_1_239' title='bbox 918 3072 1112 3117; x_wconf 89' lang='grc' dir='ltr'>ταυτα,</span> <span class='ocrx_word' id='word_1_240' title='bbox 1141 3047 1296 3126; x_wconf 78' lang='grc' dir='ltr'>δήμῳ</span> <span class='ocrx_word' id='word_1_241' title='bbox 1336 3045 1625 3127; x_wconf 77' lang='grc' dir='ltr'>ἅχαρίστω</span> <span class='ocrx_word' id='word_1_242' title='bbox 1664 3045 1914 3125; x_wconf 84' lang='grc' dir='ltr'>παρεδω-</span> 
     </span>
     <span class='ocr_line' id='line_1_36' title="bbox 305 3132 1917 3214; baseline 0.004 -24"><span class='ocrx_word' id='word_1_243' title='bbox 305 3158 479 3209; x_wconf 88' lang='grc' dir='ltr'>καμεν</span> <span class='ocrx_word' id='word_1_244' title='bbox 513 3159 619 3210; x_wconf 90' lang='grc' dir='ltr'>την</span> <span class='ocrx_word' id='word_1_245' title='bbox 651 3132 839 3194; x_wconf 90' lang='grc' dir='ltr'>πόλιν·</span> <span class='ocrx_word' id='word_1_246' title='bbox 883 3159 944 3197; x_wconf 93' lang='grc' dir='ltr'>ος</span> <span class='ocrx_word' id='word_1_247' title='bbox 975 3136 1101 3194; x_wconf 85' lang='grc' dir='ltr'>ἐπεί</span> <span class='ocrx_word' id='word_1_248' title='bbox 1125 3160 1188 3194; x_wconf 88' lang='grc' dir='ltr'>τε</span> <span class='ocrx_word' id='word_1_249' title='bbox 1229 3134 1295 3194; x_wconf 85' lang='grc' dir='ltr'>δι’</span> <span class='ocrx_word' id='word_1_250' title='bbox 1320 3134 1496 3212; x_wconf 78' lang='grc' dir='ltr'>ἡμέας</span> <span class='ocrx_word' id='word_1_251' title='bbox 1522 3135 1917 3214; x_wconf 81' lang='grc' dir='ltr'>ἐλευθερωθεὶς</span> 
     </span>
     <span class='ocr_line' id='line_1_37' title="bbox 307 3216 1917 3300; baseline 0.003 -23"><span class='ocrx_word' id='word_1_252' title='bbox 307 3216 561 3298; x_wconf 70' lang='grc' dir='ltr'>ἀνέκυψε,</span> <span class='ocrx_word' id='word_1_253' title='bbox 606 3220 782 3297; x_wconf 79' lang='grc' dir='ltr'>ἡμέας</span> <span class='ocrx_word' id='word_1_254' title='bbox 823 3224 928 3297; x_wconf 82' lang='grc' dir='ltr'>μὲν</span> <span class='ocrx_word' id='word_1_255' title='bbox 971 3224 1065 3282; x_wconf 89' lang='grc' dir='ltr'>καὶ</span> <span class='ocrx_word' id='word_1_256' title='bbox 1108 3222 1208 3283; x_wconf 73' lang='grc' dir='ltr'>τὸν</span> <span class='ocrx_word' id='word_1_257' title='bbox 1246 3223 1501 3296; x_wconf 82' lang='grc' dir='ltr'>βασιλέα</span> <span class='ocrx_word' id='word_1_258' title='bbox 1540 3222 1729 3300; x_wconf 75' lang='grc' dir='ltr'>ἡμέων</span> <span class='ocrx_word' id='word_1_259' title='bbox 1758 3248 1917 3300; x_wconf 87' lang='grc' dir='ltr'>περι·</span> 
     </span>
    </p>
   </div>
   <div class='ocr_carea' id='block_1_2' title="bbox 2081 1453 2085 1986">
    <p class='ocr_par' dir='ltr' id='par_1_2' title="bbox 2081 1453 2085 1986">
     <span class='ocr_line' id='line_1_38' title="bbox 2081 1453 2085 1986; baseline 0 0"><span class='ocrx_word' id='word_1_260' title='bbox 2081 1453 2085 1986; x_wconf 95' lang='lat' dir='ltr'> </span> 
     </span>
    </p>
   </div>
   <div class='ocr_carea' id='block_1_3' title="bbox 2079 1453 2085 2292">
    <p class='ocr_par' dir='ltr' id='par_1_3' title="bbox 2079 1453 2085 2292">
     <span class='ocr_line' id='line_1_39' title="bbox 2079 1453 2085 2292; baseline 0 0"><span class='ocrx_word' id='word_1_261' title='bbox 2079 1453 2085 2292; x_wconf 95' lang='lat' dir='ltr'> </span> 
     </span>
    </p>
   </div>
   <div class='ocr_carea' id='block_1_4' title="bbox 2073 2419 2078 3208">
    <p class='ocr_par' dir='ltr' id='par_1_4' title="bbox 2073 2419 2078 3208">
     <span class='ocr_line' id='line_1_40' title="bbox 2073 2419 2078 3208; baseline 0 0"><span class='ocrx_word' id='word_1_262' title='bbox 2073 2419 2078 3208; x_wconf 95' lang='lat' dir='ltr'> </span> 
     </span>
    </p>
   </div>
  </div>
 </body>
</html>
