2100 3409
329 76 421 125 134
932 72 1320 124 ἮΡοΔΟεποω·
1767 73 1932 140 [vn.

322 153 566 231 Θρηίκης
597 150 833 233 ἀγίνεον,
865 152 920 212 οἶ
951 150 1012 212 δὲ
1045 155 1103 216 ἐς
1127 150 1431 229 Τυρόδιζαν
1467 151 1573 230 τὴν
1602 155 1932 232 Περινθίων,

323 243 378 301 οἱ
403 241 463 300 δὲ
490 244 546 304 ἐς
572 240 872 317 Δορίσκον,
901 242 956 299 οἳ
981 239 1043 299 δὲ
1068 243 1124 302 ἐς
1147 238 1349 300 Ἠϊόνα
1378 239 1485 317 τήν
1511 241 1603 301 ἐπὶ
1630 242 1931 320 Στρυμόνι,

322 332 376 389 οἶ
417 330 478 389 δὲ
514 334 570 392 ἐς
606 328 957 404 Μακεδονίην
989 327 1426 409 διατεταγμένοι.

227 419 305 479 26
403 417 501 477 Ἐν
526 420 604 495 τῷ
630 416 691 475 δὲ
715 413 869 475 οὗτοι
894 415 995 476 τόν
1019 415 1385 493 προκείμενον
1407 414 1585 477 πόνον
1610 416 1929 498 ἐργάζοντο,

321 511 381 567 ἐν
412 504 588 583 τούτῳ
630 502 663 563 ὅ
707 502 871 573 πεζός
912 501 1062 568 ἅπας
1097 504 1552 585 συλλελεγμένος
1589 502 1709 581 ἅμα
1741 505 1931 585 Ξέρξῃ

323 592 616 670 ἐπορεύετο
665 596 721 655 ἐς
765 590 984 669 Σάρδις,
1026 594 1089 651 ἐκ
1133 590 1474 668 Κριτάλλων
1513 590 1776 669 ὁρμηθεὶς
1817 598 1932 654 τῶν

324 685 384 742 ἐν
427 679 825 789 Καππαδοκίῃ·
876 679 1114 740 ἐνθαῦτα
1153 706 1264 761 γαρ
1309 681 1495 756 εἴρητο
1537 680 1931 761 συλλέγεσθαι

319 768 504 829 πάντα
541 766 642 829 τᾶν
681 767 799 827 κατ’
825 765 1060 844 ἤπειρον
1082 768 1373 843 μέλλοντα
1411 793 1530 844 αμα
1572 766 1719 845 αυτῷ
1742 769 1932 848 Ξέρξῃ

318 856 658 934 πορεύεσθαι
715 854 979 933 στρατόν.
1064 871 1130 911 ος
1180 855 1287 931 μέν
1338 879 1434 915 νυν
1492 858 1604 915 τῶν
1660 855 1932 936 ὑπάρχων

322 944 570 1022 στρατὸν
610 944 897 1005 κάλλιστα
939 943 1291 1020 ἐσταλμένον
1330 940 1558 1024 α’γαγῶν
1596 941 1669 1003 w)
1704 945 1931 1021 προκεί-

318 1058 461 1110 μενα
498 1031 652 1111 παραὶ
683 1031 962 1110 βασιλέος
997 1032 1192 1114 ὒαβε
1216 1030 1380 1108 δῶρα,
1412 1057 1512 1090 ουκ
1543 1031 1652 1110 &w
1678 1030 1928 1109 φράσαι·

319 1120 445 1180 ουδὲ
470 1121 580 1202 γὰρ
607 1120 788 1199 οἷρχὴν
815 1125 870 1183 ἐς
896 1119 1082 1196 κρίσιν
1106 1118 1305 1179 τούτου
1330 1118 1459 1196 πέρι
1484 1118 1752 1182 ἐλθόντας
1777 1119 1925 1180 offla·

321 1213 375 1269 οἱ
402 1209 516 1268 δὲ’
489 1210 614 1268 επεί
639 1233 701 1268 τε
742 1206 1037 1284 διαβαντες
1075 1232 1176 1266 τον
1201 1205 1387 1266 Αλυν
1419 1206 1676 1283 ποταμόν
1711 1207 1926 1286 ὦμιᾍη-

321 1323 433 1357 σαν
473 1301 544 1374 τῇ
576 1299 805 1378 Φρυγίῃ,
840 1295 908 1355 δι’
935 1293 1107 1371 αὗτῆς
1146 1295 1510 1373 πορευόμενοι
1548 1297 1927 1377 παρεγένοντο

321 1390 376 1448 ἐς
403 1384 701 1447 Κελαινάς·
731 1385 819 1442 ἵνα
844 1383 1022 1490 πηγαὶ
1047 1382 1373 1443 ἀναδιδοῦσι
1397 1375 1726 1460 Μαιάνδρου
1751 1410 1927 1445 ποτα-

317 1474 444 1548 μοῦ,
490 1471 583 1529 καὶ
630 1472 818 1548 ἐτέρου
864 1496 963 1530 ουκ
1011 1470 1328 1535 ἐλασσονος
1373 1469 1411 1548 ἢ
1456 1470 1801 1549 Μαιάνδρου,
1847 1476 1926 1555 τοῖ

321 1584 532 1636 ουνομα
570 1558 832 1641 τυγχάνει
874 1559 964 1620 ἐὰν
992 1558 1474 1637 Καταρρήκτης,
1440 1586 1503 1622 ος
1530 1560 1592 1630 ἐξ
1616 1558 1787 1637 αὐτῆς
1821 1565 1926 1638 τῆς

318 1645 528 1728 ἅγορῆς
551 1650 651 1722 τῆς
680 1648 996 1708 Κελαινέων
1022 1645 1361 1718 ἀνατέλλων,
1389 1652 1444 1711 ἐς
1467 1646 1567 1709 τᾶν
1593 1649 1922 1727 Μαίανδρον

319 1733 540 1794 εκδιδοῖ·
582 1740 642 1796 ἐν
666 1740 739 1814 τῇ
766 1736 858 1794 καὶ
884 1734 916 1795 ό
942 1739 1044 1795 τοῦ
1072 1736 1317 1845 Σιληνοῦ
1343 1735 1626 1813 Μαρσύεω
1653 1735 1832 1801 ‹flexas-
1863 1743 1922 1798 ἐν

305 1827 391 1906 τῇ
430 1823 570 1883 πόλι
612 1823 1003 1901 ἀνακρέμαται,
1035 1822 1136 1883 τόν
1170 1821 1281 1883 ὖπο
1323 1828 1556 1906 Φρυγων
1595 1824 1770 1906 λόγος
1805 1826 1919 1903 ἔχει

223 1911 349 1972 27“
316 1911 429 1973 υπό.
469 1911 832 1976 ’Λπόλλωνος
878 1911 1174 1988 ἐκδαρέντα
1226 1909 1736 1990 ανακρεμασθῆναι.
1820 1911 1918 1974 Ἐν

316 1999 491 2078 ταύτῃ
516 2004 589 2078 τῇ
614 2000 753 2059 πόλι
777 2024 1200 2076 υποκατημενος
1225 1998 1497 2063 Πύθιος“
1464 2026 1496 2060 ο
1528 1997 1750 2071 Ἀτυος,
1777 1997 1913 2078 ανὴρ

316 2088 514 2157 Λυδὰς,
542 2087 775 2156 ἐξείνισε
798 2087 902 2161 τὴν
925 2086 1206 2163 βασιλέος
1232 2088 1505 2164 στρατιὴν
1534 2113 1732 2148 πασαν
1759 2089 1913 2158 ξεινί·

319 2199 438 2234 οισι
470 2174 797 2255 μεγίστοισι
840 2174 931 2232 καὶ
970 2172 1141 2235 αύτόν
1164 2174 1394 2251 Ξέρξεα,
1421 2175 1689 2255 χρήματά
1726 2201 1786 2236 τε
1822 2180 1912 2236 ἐπ-

319 2263 634 2342 αγγέλλετο
679 2260 1028 2338 βουλόμενος
1077 2266 1132 2325 ἐς
1177 2260 1278 2322 τόν
1327 2261 1581 2340 πόλεμον
1633 2263 1909 2342 παρέχειν·

321 2350 814 2431 ἐπαγγελλομένου
854 2349 913 2408 δὲ
948 2348 1215 2429 χρήματα
1241 2350 1476 2423 Πυθίου,
1504 2350 1684 2428 εἴρετο
1708 2350 1912 2428 Ξέρξης

321 2438 590 2513 Περσέων
627 2436 756 2501 τούς
789 2436 1114 2515 παρεόντας,
1141 2437 1226 2502 τίς
1249 2463 1313 2498 τε
1339 2437 1440 2499 ἐῶν
1465 2437 1678 2516 ἀνδρῶν
1703 2437 1911 2502 Πύθιος

318 2525 412 2584 καὶ
439 2524 584 2585 κόσα
609 2525 873 2606 χρήματα
906 2525 1236 2602 κεκτημένος
1262 2525 1675 2608 ἐπαγγέλλοιτο
1706 2528 1906 2597 rufi-tn

325 2616 379 2671 οῖ
421 2613 481 2672 δὲ
523 2614 707 2676 εἶπαν·
763 2625 798 2651 “
813 2613 858 2674 ὦ
900 2616 1169 2690 βασιλεῦ,
1217 2611 1380 2678 οὗτός
1420 2619 1543 2675 ἐστι
1585 2613 1648 2678 ὅς
1687 2639 1772 2674 τοι
1814 2615 1912 2675 τὸν

320 2702 535 2778 πατέρα
562 2706 801 2780 Δαρεῖον
830 2701 1152 2780 ἐδωρήσατο
1176 2705 1249 2782 τῇ
1273 2705 1638 2781 πλατανίστῳ
1675 2706 1745 2780 τῇ
1779 2727 1911 2781 χρυ-

320 2790 425 2865 σέῃ
453 2787 544 2846 καὶ
570 2793 642 2867 τῇ
666 2788 919 2869 ἀμπέλῳ·
962 2788 1024 2853 ὃς
1049 2790 1143 2849 καὶ
1167 2794 1266 2851 νῦν
1291 2795 1414 2850 ἐστι
1452 2793 1670 2867 πρῶτος
1708 2788 1910 2866 ἀνθρώ-

223 2875 302 2934 28
322 2902 439 2935 πων
463 2875 704 2955 πλούτῳ,
733 2879 844 2936 τῶν
867 2876 1028 2953 ἡμεῖς
1053 2877 1224 2954 ἴδμεν,
1251 2877 1396 2955 μετ-οὶ
1432 2876 1557 2938 σέ.”
1637 2877 1913 2954 Θωμάσας

321 2964 380 3023 δὲ
413 2967 526 3023 τῶν
562 2962 734 3022 ἐπέων
771 2963 838 3022 τό
878 2967 1199 3025 τελευταῖον
1224 2966 1452 3043 Ξέρξης,
1486 2965 1654 3029 αὖτός
1692 2964 1914 3044 δεύτερα

320 3053 495 3129 εἴρετο
532 3050 751 3111 Πύθιον
797 3049 978 3110 ὁκόσα
1024 3054 1079 3111 οἶ
1126 3053 1209 3128 εἴη
1248 3054 1546 3132 χρήματα;
1596 3053 1631 3114 ὅ
1674 3053 1734 3112 δὲ
1775 3053 1912 3116 εἶπε·

319 3148 355 3173 “
371 3140 414 3198 ὦ
438 3142 708 3217 βασιλεῦ,
737 3136 865 3198 οὔτε
904 3162 975 3196 σε
1013 3138 1320 3218 ἀποκρύψω
1361 3140 1488 3201 οὔτε
1523 3142 1822 3220 σκήψομαι
1847 3145 1914 3206 τὰ

25 3307 139 3372 λ
312 3228 394 3302 μὴ
435 3226 634 3287 εἰδέναι
665 3225 772 3302 τὴν
806 3228 1079 3302 ἐμεωυτοῦ
1118 3225 1332 3304 οὐσίην,
1373 3227 1506 3288 ἀλλ’
1543 3227 1918 3307 ἐπιστάμενός
