2100 3409
146 87 475 152 173—176]
820 89 935 137 110
932 88 1190 138 mmm
1690 96 1787 143 193

150 168 566 247 ἐβουλεύοντο
592 165 732 244 πρός
759 192 833 227 τα
858 169 1133 247 λεχθέντα
1164 167 1227 238 ἐξ
1247 167 1699 247 Ἀλεξάνδρου,
1661 199 1700 251 ῃ
1724 199 1789 234 τε

58 326 69 333 ⁶
151 257 506 333 στήσονται
544 253 644 314 τὸν
686 254 941 333 πόλεμον
986 258 1079 315 καὶ
1120 261 1180 315 ἐν
1217 256 1391 316 οἴοισι
1442 258 1697 336 χώροισι·
1747 261 1788 336 ἦ

153 369 401 406 νικωσα
457 343 519 401 δὲ
569 342 761 423 γνώμη
825 345 1055 424 ἐγένετο,
1112 369 1216 420 την
1268 349 1327 404 ἐν
1379 344 1786 424 Θερμοπύλῃσι

156 430 454 509 ἐσβολήν
492 428 760 505 φυλάξαι·
809 433 1128 508 στεινοτέρη
1169 457 1280 513 γαρ
1322 433 1581 507 ἐφαίνετο
1614 437 1791 493 εὀὓσα

157 523 276 596 τῆς
307 525 367 581 ἐς
395 519 743 593 Θεσσαλίην,
774 519 865 577 καὶ
890 520 1009 595 μία,
1037 518 1316 599 οἷγχοτέρη
1346 545 1408 579 τε
1433 524 1535 596 τῆς
1561 525 1790 580 ἑωυτῶν·

156 607 282 683 τὴν
312 606 375 665 δὲ
408 603 662 681 άτραπὸν
686 602 753 663 δι’
780 604 851 680 ἣν
885 605 1119 680 ἥλωσαν
1159 608 1213 664 οἱ
1245 605 1475 670 ἁλόντες
1502 605 1792 683 Ἑλλήνων

163 700 232 754 ἐν
262 692 703 770 Θερμοπύλῃσι,
732 690 859 752 οὐδὲ
887 691 1098 771 ᾔδεσαν
1124 697 1326 752 ἐοῦσαν
1349 692 1621 772 πρότερον
1645 695 1791 774 ἤπερ

163 779 524 858 ἀπικόμενοι
591 784 646 842 ἐς
710 781 1082 857 Θερμοπύλας
1148 781 1416 842 ἐπύθοντο
1469 784 1790 861 Τρηχινίων·

163 869 400 944 ταύτην
426 867 502 926 ὧν
526 867 942 944 ἐβουλεύσαντο
970 869 1365 943 φυλάσσοντες
1388 869 1493 946 τήν
1517 871 1790 947 ἐσβολὴν,

167 957 260 1034 μή
302 955 563 1032 παριέναι
599 959 655 1018 ἒς
682 954 785 1031 τὴν
820 955 1075 1015 Ἑλλάδα
1112 956 1213 1015 τόν
1249 957 1567 1035 βάρβαρον·
1607 957 1706 1018 τόν
1731 958 1793 1017 δὲ

169 1044 451 1104 ναυτικὸν
490 1043 734 1122 στρατὸν
771 1044 964 1103 πλέειν
1001 1047 1108 1124 γῆς
1145 1048 1246 1119 τῆς
1273 1043 1665 1107 Ἱστιαιώτιδος
1700 1047 1791 1105 ἐπὶ

170 1131 571 1208 Ἀρτεμίσιον·
628 1135 804 1191 ταῦτα
848 1129 959 1212 γὰρ
1011 1130 1193 1211 ἀγχοῦ
1236 1157 1298 1190 τε
1343 1130 1612 1207 ἀλλήλων
1652 1134 1792 1203 ε’στὶ,

176 1219 342 1280 ὥστε
379 1219 757 1279 πυνθανεσθαι
797 1219 869 1278 τά
910 1218 1050 1277 κατοὶ
1092 1219 1377 1294 ἑκατέρους
1416 1218 1593 1279 ἐόντα.
1677 1220 1756 1278 Οἳ
1772 1221 1887 1280 176

173 1333 247 1368 τε
280 1311 458 1386 χῶροι
486 1305 657 1369 οὕτως
683 1307 895 1385 ἔχουσι·
926 1309 1093 1366 τοῦτο
1119 1308 1235 1382 μὲν,
1260 1305 1326 1365 τὸ
1351 1304 1707 1383 Ἀρτεμίσιον
1732 1311 1792 1366 ἐκ

175 1398 296 1455 τσῦ
331 1393 609 1474 πελάγεος
646 1398 747 1453 τοῦ
778 1394 1043 1470 Θρηῖκίου
1083 1394 1145 1464 ἐξ
1183 1391 1367 1471 εὐρέος
1401 1392 1699 1476 συνάγεται
1737 1401 1794 1460 ἐς

179 1481 418 1542 στεινὸν
452 1481 644 1558 πόρον,
675 1480 778 1541 τὸν
810 1480 1019 1557 μεταξι)
1055 1481 1214 1542 ε’όντα
1248 1480 1427 1558 νήσου
1454 1508 1517 1542 τε
1551 1481 1794 1547 Σκιάθου

180 1569 290 1629 καὶ
341 1569 575 1646 ἠπείρου
628 1570 982 1650 Μαγνησίης·
1054 1574 1115 1628 ἐκ
1161 1570 1220 1628 δὲ
1269 1574 1370 1629 τοῦ
1424 1575 1644 1631 στεινοῦ
1693 1575 1796 1646 τῆς

179 1656 450 1733 Εὐβοίης
474 1657 581 1733 ἤδη
605 1657 672 1717 τὰ
698 1655 1057 1734 Ἀρτεμίσιον
1083 1657 1293 1716 δέκεται
1319 1656 1590 1737 αἰγιαλός·
1632 1663 1691 1717 ἐν
1716 1657 1791 1727 δὲ,

179 1744 522 1822 Ἀρτέμιδος
566 1747 701 1820 ἶρον.
783 1742 819 1820 ἦ
856 1744 917 1803 δὲ
951 1743 1020 1802 αὖ
1068 1743 1160 1802 διοὶ
1193 1746 1465 1820 Τρηχῖνος
1503 1743 1696 1806 ἔσοδος
1738 1749 1795 1807 ἐς

180 1831 301 1909 τήν
338 1830 596 1891 Ἑλλάδα
636 1832 773 1900 ἔστι,
813 1835 886 1911 τῇ
927 1828 1271 1905 στεινοτάτη,
1309 1828 1676 1906 ἡμίπλεθρον·
1729 1829 1796 1890 οὗ

182 1921 390 1999 μέντοι
418 1919 558 1980 κατοῖ
582 1920 750 1980 τοῦτό
773 1918 828 2001 γ’
862 1920 984 1978 ἔστι
1006 1917 1075 1978 τὰ
1108 1916 1461 1977 στεινότατον
1483 1920 1585 1993 τῆς
1613 1916 1797 1996 χώρης

184 2011 298 2084 τῆς
349 2007 548 2084 ἄλλης,
603 2006 734 2066 ἀλλ’
789 2006 1078 2083 ἔμπροσθέ
1126 2030 1188 2063 τε
1250 2004 1654 2082 Θερμοπυλέων
1703 2006 1797 2064 καὶ

152 2095 426 2156 -ὄπισθε·
495 2095 636 2154 κατά
672 2120 736 2155 τε
784 2093 1101 2170 Ἀλπηνοῦς
1146 2091 1347 2153 ὄπισθε
1387 2091 1576 2155 ε’όντας
1621 2095 1799 2152 ἐοῦσα

189 2181 471 2260 αμαξιτος
509 2182 702 2289 μούνη,
747 2183 839 2241 καὶ
875 2183 1163 2258 ἔμπροσθε
1196 2181 1335 2241 κατὰ
1367 2181 1595 2241 Φοίνικα
1623 2206 1794 2241 ποτα-

190 2271 325 2349 μόν,
353 2270 538 2350 ἀγχου
563 2269 845 2346 Ἀνθηλῆς
870 2269 1084 2342 πόλιος,
1116 2268 1383 2345 αμαξιτὸς
1411 2267 1565 2345 άλλη
1597 2269 1791 2346 μούνη

190 2383 310 2419 των
356 2358 420 2417 δὲ
464 2358 869 2434 Θερμοπυλέων
914 2356 981 2416 τὰ
1026 2382 1132 2434 μεν
1174 2382 1316 2433 προς
1366 2357 1620 2435 εσπέρης,
1669 2356 1798 2435 ὅρος

193 2443 423 2523 αβατόν
466 2471 528 2505 τε
571 2445 661 2504 καὶ
703 2443 1077 2521 απόκρημνον,
1129 2443 1368 2522 ὖψηλον,
1414 2444 1698 2505 ἀνατεῖνον
1743 2449 1799 2507 ἐς

195 2534 305 2610 τὴν
339 2534 532 2608 Οιτην·
572 2532 639 2592 τό
672 2533 733 2591 δὲ
767 2532 907 2608 πρὸς
945 2530 1049 2607 τήν
1084 2531 1167 2608 ἠῶ
1208 2535 1309 2606 τῆς
1340 2531 1489 2603 ὁδοῦ,
1528 2530 1798 2592 θάλασσα

195 2621 528 2681 ὑποδέκεται
559 2621 650 2679 καὶ
679 2618 933 2700 τενάγεα·
975 2619 1098 2678 ἔστι
1133 2617 1193 2677 δὲ
1226 2623 1284 2677 ἐν
1318 2620 1392 2696 τῇ
1421 2617 1598 2696 ἐσόδῳ
1626 2619 1801 2697 ταύτῃ

198 2708 384 2786 θερμά
424 2707 650 2785 λουτρὰ,
691 2705 764 2767 τά
804 2705 1058 2783 Χύτρους
1098 2705 1365 2764 καλέουσι
1404 2707 1459 2763 οἳ
1498 2705 1797 2784 ἐπιχώριοι,

198 2799 296 2856 καὶ
330 2795 528 2873 βωμός
561 2795 775 2874 ἵδρυται
798 2794 1112 2872 “Ηρακλέος
1143 2792 1227 2852 ἐπ’
1253 2791 1495 2853 αὐτοῖσι·
1538 2792 1800 2870 ἐδέδμητο

199 2884 260 2944 δὲ
310 2887 523 2963 τεῖχος
552 2882 694 2943 κατὰ
747 2881 951 2945 ταύτας
998 2880 1099 2944 τοὶς
1150 2879 1421 2957 ἐσβολάς,
1474 2881 1568 2940 καὶ
1617 2881 1684 2940 τό
1733 2904 1802 2960 γε

197 2971 450 3031 παλαιὰν
473 2969 703 3031 πυλαι’
678 2975 914 3048 επῆσαν·
956 2968 1176 3046 ἔδειμαν
1202 2970 1262 3029 δὲ
1292 2969 1504 3031 Φωκέες
1528 2967 1594 3026 τὸ
1619 2969 1805 3040 τεῖχος

199 3060 503 3129 δείσαντες,
531 3059 652 3118 ἐπεὶ
677 3058 973 3119 Θεσσαλοὶ
995 3056 1230 3135 ἦλθον’
1204 3084 1264 3117 εκ
1283 3056 1632 3131 Θεσπρωτῶν
1657 3048 1804 3123 οἰκή-

202 3172 403 3210 σοντες
427 3150 538 3227 γῆν
565 3146 671 3222 τὴν
696 3146 947 3219 Αἰολίδα,
976 3144 1187 3222 τήνπερ
1222 3148 1319 3204 νῦν
1356 3140 1625 3201 ἐκτέαται·
1706 3132 1807 3194 ἅτε

203 3235 275 3311 δή
346 3234 693 3312 πειρωμένων
754 3237 867 3295 τῶν
931 3235 1248 3292 Θεσσαλῶν
1315 3220 1811 3299 καταστρέφεσθαι
