2100 3409
277 44 340 95 76
887 35 1253 85 ·H1>0A01·o·r
1743 29 1875 97 [Ἡ.

280 117 578 198 Μιλησίου
630 116 1095 195 πολιορκηθέντες
1147 115 1240 174 καὶ
1291 111 1586 192 προσόδων
1638 112 1883 173 ἐουσέων

281 210 584 291 μεγαλέων,
614 206 875 286 ἐχρέοντο
906 208 1062 265 τοῖσι
1096 202 1355 282 χρήμασι
1397 206 1529 265 ναῦς
1568 226 1633 262 τε
1674 225 1878 276 ναυπη-

280 296 538 378 γεύμενοι
561 319 779 371 μακρας
805 293 898 352 καὶ
921 296 1109 372 τεῖχος
1146 290 1507 369 ἰσχυρότερον
1531 287 1879 366 περιβαλλό-

279 409 455 461 μενοι.
518 381 557 458 ἦ
586 382 646 440 δὲ
666 379 951 458 πρόσοδός
978 383 1143 455 σφι’
1117 378 1327 460 εγίνετο
1354 378 1413 438 ἔκ
1438 403 1500 436 τε
1525 381 1628 452 τῆς
1650 375 1882 453 ἠπείρου

284 472 376 530 καὶ
418 469 530 530 οἷπο
572 472 683 528 τῶν
722 467 1039 545 μετάλλων·
1082 472 1143 526 ἐκ
1177 466 1282 543 μέν
1314 490 1383 546 γε
1418 469 1525 525 τῶν
1563 470 1622 524 ἐν
1650 465 1884 542 Σκαπτῇ

272 557 443 636 Ὕλῃ,
467 561 577 616 τῶν
603 556 857 634 χρυσέων
881 554 1196 632 μετάλλων,
1223 579 1292 614 το
1328 554 1533 612 ἐπίπαν
1567 550 1886 632 όγδωκοντα

283 645 534 737 τάλαντα
560 643 821 738 προοήῖε·
864 648 925 702 ἐκ
950 644 1011 703 δὲ
1035 647 1147 702 τῶν
1184 646 1243 701 ἐν
1283 640 1426 718 αὐτῇ
1451 638 1625 699 Θάσω
1651 637 1886 698 ἐλάσσω

284 735 387 809 μὲν
424 726 649 801 τούτων,
687 756 872 809 συχνα
910 731 969 789 δε
1007 731 1148 790 οὕτω
1185 729 1331 789 ὥστε
1370 728 1437 788 τὰ
1480 729 1688 787 ἐπίπαν
1710 727 1887 787 Θασί-

287 845 420 889 οισι,
471 822 626 879 ἐοῦσι
670 822 897 896 καρπῶν
937 817 1184 887 ἀτελέσι,
1234 816 1476 894 προσήῖε
1519 814 1635 876 άπό
1679 840 1740 874 τε
1785 819 1889 891 τῆς

283 907 516 984 ἠπείρου
560 908 652 966 καὶ
692 911 802 967 τῶν
844 905 1144 983 μετάλλων
1171 907 1318 968 ἔτεος
1347 903 1587 964 ἑκάστου
1628 902 1891 978 διηκόσια

283 994 559 1055 τάλαντα·
596 994 688 1054 ὅτε
728 995 790 1054 δε
829 994 895 1053 τό
925 996 1200 1054 πλεῖστον
1226 993 1542 1070 προσῆλθε,
1568 989 1888 1068 τριηκόσια.

190 1084 267 1143 47
290 1082 458 1142 Εἶδον
501 1082 560 1142 δὲ
599 1082 691 1140 καὶ
727 1081 894 1156 αὐτος
922 1108 995 1141 τα
1028 1082 1290 1158 μέταλλα
1324 1085 1520 1140 ταῦτα·
1563 1080 1654 1138 καὶ
1693 1076 1893 1158 μακρῷ

285 1170 355 1247 ἦν
400 1169 579 1232 αυτῶν
618 1170 1024 1282 θωμασιωτατα
1060 1195 1133 1229 τα
1170 1172 1224 1228 οἱ
1262 1169 1510 1231 Φοίνικες
1545 1161 1894 1244 ἅνεΰρον,οι
1838 1170 1894 1227 οἱ

287 1284 429 1336 μετα
457 1258 654 1320 Θάσου
694 1259 984 1321 κτίσαντες
1018 1257 1123 1333 τὴν
1150 1259 1328 1332 νῆσον
1366 1256 1592 1332 ταύτην·
1633 1254 1755 1331 ἥτις
1793 1259 1897 1315 νῦν

289 1347 381 1405 ἐπὶ
406 1350 507 1406 τοῦ
533 1346 730 1405 Θάσου
755 1345 955 1408 τούτου
982 1349 1084 1405 τοῦ
1111 1346 1364 1408 Φοίνικος
1387 1342 1453 1404 τὰ
1481 1342 1692 1420 οὔνομα
1732 1343 1896 1422 ἔσχε.

287 1433 357 1494 τοῖ
392 1433 451 1492 δὲ
480 1434 741 1509 μέταλλα
764 1432 838 1492 τοὶ
874 1432 1161 1493 Φοινικικὰ
1185 1437 1362 1493 ταῦτα
1398 1433 1522 1492 ἔστι
1555 1436 1657 1507 τῆς
1692 1430 1900 1491 Θάσου

286 1519 495 1598 μεταξῦ
524 1519 771 1597 Αἰνύρων
795 1546 857 1580 τε
883 1521 1070 1600 χώρου
1098 1521 1436 1597 καλεομένου
1464 1519 1557 1578 καὶ
1584 1519 1898 1596 Κοινύρων,

289 1606 477 1668 άντίον
519 1608 580 1667 δὲ
624 1609 1030 1686 Σαμοθρηίκης·
1076 1608 1203 1687 ὅρος
1243 1603 1406 1688 μέγα,
1435 1606 1902 1684 ἀνεστραμμένον

432 1701 458 1718 ’“
494 1696 743 1773 ζητήσει.
825 1701 994 1757 τοῦτο
1032 1698 1137 1774 μέν
1178 1722 1274 1756 νυν
1315 1697 1438 1754 ἔστι
1469 1698 1707 1755 τοιοῦτο·
1752 1698 1813 1754 οἱ
1841 1695 1903 1754 δὲ

290 1784 496 1845 Θάσιοι
541 1789 617 1844 τῶ
661 1786 904 1861 βασιλέϊ
952 1784 1280 1844 κελεύσαντι
1329 1809 1420 1842 και
1470 1808 1537 1842 το
1588 1785 1798 1860 τεῖχος
1833 1783 1903 1843 τό

291 1873 569 1951 σφέτερον
594 1878 869 1946 κατεῖλον,
891 1874 983 1933 καὶ
1007 1872 1109 1936 τοὶς
1134 1873 1260 1935 νέας
1285 1896 1387 1933 τας
1411 1870 1599 1934 πάσας
1617 1869 1905 1947 ἐκόμισαν

291 1965 346 2024 ἐς
374 1959 659 2038 Αβδηρα.

196 2049 272 2107 48
371 2049 536 2107 Μετοὶ
563 2050 624 2108 δὲ
648 2052 832 2116 τοῦτο,
859 2046 1200 2125 ἀπεπειρᾶτο
1228 2047 1260 2107 ὁ
1290 2049 1527 2125 Δαρεῖος
1550 2048 1660 2106 τῶν
1684 2045 1903 2126 Ἐλλή-

291 2160 397 2195 νων
432 2136 465 2193 ὅ
500 2160 559 2194 τι
593 2138 652 2193 ἐν
696 2133 802 2212 νόῳ
840 2135 1033 2212 ἔχοιεν,
1064 2135 1263 2214 κότερα
1303 2136 1597 2211 πολεμέειν
1637 2137 1829 2216 ἑωυτῷ
1867 2137 1906 2215 ἦ

293 2220 658 2298 παραδιδόναι
699 2221 883 2296 σφέας
929 2222 1146 2288 αὐτούς.
1229 2224 1496 2301 διέπεμπε
1540 2221 1613 2283 ὧν
1654 2222 1906 2299 κήρυκας

296 2306 509 2370 ἄλλους
540 2307 695 2387 ἄλλῃ
728 2307 899 2379 τάξας
925 2309 1032 2370 olvat
1057 2312 1162 2387 τὴν
1186 2311 1458 2382 Ἑλλάδα,
1486 2310 1727 2370 κελεύων
1753 2316 1906 2375 αἰτέ-

293 2419 373 2454 ειν
397 2396 640 2471 βασιλέϊ
662 2399 772 2478 γῆν
796 2422 858 2456 τε
885 2398 977 2456 καὶ
1001 2397 1165 2477 ὕδωρ.
1233 2398 1461 2462 τούτους
1484 2400 1588 2474 μὲν
1614 2397 1683 2473 δὴ
1713 2404 1772 2462 ἐς
1798 2402 1908 2478 τήν

292 2481 545 2542 Ἐλλάδα
574 2484 802 2561 ἔπεμπε·
832 2483 1043 2548 ἄλλους
1067 2486 1126 2544 δὲ
1153 2485 1391 2563 κήρυκας
1419 2486 1687 2563 διέπεμπε
1716 2491 1777 2550 ἐς
1803 2489 1908 2553 τὰς

301 2573 500 2630 ἑωυτοῦ
545 2571 944 2648 δασμοφόρους
986 2574 1191 2638 πόλιας
1232 2574 1333 2636 τας
1368 2576 1903 2652 παραθαλασσίους,

295 2658 530 2718 κελεύων
564 2661 690 2723 νέας
723 2684 785 2718 τε
815 2659 1030 2736 μακρὰς
1068 2663 1159 2720 καὶ
1197 2662 1496 2743 ἱππαγωγὰ
1529 2665 1708 2720 πλοῖα
1744 2667 1904 2725 ποιέ-

197 2748 274 2804 49
300 2746 482 2806 εσθαι.
559 2744 717 2806 οὗτοί
735 2773 797 2806 τε
825 2747 891 2822 δὴ
917 2750 1398 2825 παρεσκευάζοντο
1423 2754 1618 2810 ταῦτα·
1663 2752 1761 2811 καὶ
1790 2757 1907 2814 τοῖ-

297 2858 360 2892 σι
391 2833 596 2909 ἥκουσι
633 2839 689 2897 ἑς
726 2833 831 2908 τὴν
856 2834 1111 2895 Ἐλλάδα
1153 2836 1347 2914 κήρυξι
1372 2838 1585 2896 πολλοὶ
1611 2839 1718 2915 μὲν
1744 2838 1906 2915 ἤπει-

293 2922 508 2997 ρωτέων
555 2921 814 2981 ἐδίδοσαν
853 2922 925 2981 τοὶ
969 2925 1281 3004 προΐσχετο
1324 2926 1520 2985 αἰτέων
1564 2924 1596 2985 ὁ
1646 2927 1908 3007 Πέρσης,

297 3008 496 3073 πάντες
523 3008 583 3069 δὲ
610 3012 665 3069 οἱ
691 3012 961 3084 νησιῶται
987 3016 1042 3073 ἐς
1065 3011 1196 3075 τούς
1215 3011 1508 3073 ἀπικοίατο
1550 3010 1910 3089 αἷτῆσοντες.

299 3096 357 3155 οἵ
393 3123 457 3158 τε
498 3097 567 3172 δὴ
610 3095 781 3154 ἄλλοι
817 3102 1086 3172 νησιῶται
1123 3098 1340 3158 διδοῦσι
1372 3104 1483 3180 γῆν
1520 3125 1582 3160 τε
1625 3101 1719 3160 καὶ
1757 3102 1911 3181 ὕδωρ

298 3185 515 3264 Δαρείῳ
542 3186 636 3244 καὶ
662 3182 731 3258 δὴ
759 3184 851 3242 καὶ
877 3188 1188 3263 Αἰγινῆται·
1229 3186 1509 3262 ποιήσασι
1536 3187 1599 3246 δέ
1622 3195 1741 3265 σφι
1776 3196 1914 3253 ταΰ-
