2100 3409
33 7 410 120 που-133]
770 55 1079 106 omnum.
1633 60 1729 111 273

116 136 306 210 κλέος,
362 137 479 195 τοῦ·
509 132 941 212 Ἀριστοδήμου,
986 138 1090 195 τοῦ
1140 135 1575 216 Ἀριστομάχου,
1628 142 1733 198 τοῦ

118 222 464 293 Κλεοδαίου,
515 226 618 284 τοῦ
657 221 897 294 ’Υλλου,
950 226 1054 283 τοῦ
1090 221 1420 300 Ἡρακλέος·
1488 224 1592 284 ε’ὢν
1627 229 1731 301 τῆς

117 313 315 391 ἑτέρης
354 311 530 387 οἰκίης
566 313 679 370 τῶν
722 310 1032 386 βασιλέων.
1115 309 1269 371 οὗτοι
1319 310 1535 380 πάντες,
1574 313 1733 389 πλήν

113 405 231 461 τῶν
259 400 403 460 δυῶν
426 402 539 458 τῶν
560 397 704 476 μετὰ
727 399 1070 478 Λευτυχίδεα
1103 398 1334 477 πρώτων
1361 400 1729 479 καταλεχθέν-

114 514 249 560 των,
279 490 335 547 οἱ
359 486 550 560 ἄλλοι,
570 486 1125 567 βασιλέες·ἐγένοντο
1152 487 1431 566 Σπάρτης·
1471 486 1727 564 Ἀθηναί-

117 603 197 637 ων
215 576 279 635 δὲ
304 573 644 656 ἐστρατήγεε
662 572 988 638 Ξάνθιππος
1012 574 1048 636 o‘
1071 574 1424 653 Ἀρίφρονος.
1505 575 1602 639 Ὡς
1628 576 1687 635 δὲ
1707 578 1823 658 132

117 664 498 742 παρεγένοντο
524 667 578 725 ἐς
601 661 706 737 τήν
731 663 965 743 Αἴγιναν
995 665 1181 722 πᾶσαι
1206 666 1265 723 αἶ
1295 668 1435 739 νῆες,
1461 663 1726 724 άπίκοντο

116 750 323 812 Ἰώνων
349 748 585 831 ἄγγελοι
611 754 667 814 ἐς
690 748 758 810 τό
784 748 1166 827 στρατόπεδον
1189 753 1300 810 τῶν
1323 750 1631 826 Ἑλλήνων·
1672 751 1728 811 οἳ

119 838 218 923 καὶ
260 842 317 901 ἐς
354 837 459 912 τήν
486 836 750 914 Σπάρτην
775 836 950 919 ὀλίγῳ
989 836 1264 915 πρότερον
1297 838 1504 898 τούτων
1535 838 1725 899 άπικό-

120 950 303 1000 μενοι,
328 924 546 984 ἐδέοντο
564 924 1013 1002 Λακεδαιμονίων
1032 926 1359 1003 ἐλευθεροῦν
1376 925 1478 1001 τὴν
1496 926 1727 1001 Ἰωνίην·

120 1016 235 1072 τῶν
263 1012 359 1071 καὶ
389 1011 694 1089 Ἡρόδοτος
733 1010 765 1071 ὅ
801 1012 1155 1088 Βασιληίδεω
1189 1012 1280 1088 ἦν·
1321 1013 1375 1073 οἳ
1414 1016 1732 1074 στασιῶταί

121 1107 240 1176 σφι
291 1098 595 1181 γενόμενοι,
639 1098 1017 1176 ἐπεβούλευον
1070 1098 1306 1160 θάνατον
1359 1101 1600 1178 Στράττι
1649 1107 1729 1180 τῷ

120 1188 272 1248 Χίου
309 1186 570 1267 τυράννῳ,
607 1186 786 1249 ἐόντες
825 1185 1008 1265 α’ρχῆν
1049 1185 1207 1246 ἐπτά·
1269 1188 1728 1263 ἐπιβουλεύοντες

120 1275 184 1335 δὲ
211 1274 286 1338 αἷς
313 1275 545 1352 φανεροὶ
571 1274 842 1356 ἐγένοντο,
861 1274 1226 1343 ἐξενείκαντος
1249 1272 1354 1350 τήν
1381 1276 1729 1354 ἐπιχείρησιν

122 1363 248 1425 ἐνὸς
279 1365 392 1422 τῶν
424 1362 783 1441 μετεχόντων,
814 1361 953 1422 οὕτω
987 1361 1058 1437 δὴ
1094 1364 1149 1421 οἶ
1182 1362 1390 1431 λοιποὶ,
1430 1362 1492 1433 ἐξ
1526 1363 1726 1433 ἐόντες,

120 1449 445 1530 ὖπεξέσχον
471 1455 532 1509 ἐκ
555 1453 658 1525 τῆς
682 1451 843 1520 Χίου,
871 1450 964 1508 καὶ
990 1454 1045 1513 ἐς
1082 1449 1348 1527 Σπάρτην
1371 1476 1434 1510 τε
1459 1449 1726 1513 άπίκοντο

119 1539 218 1597 καὶ
256 1536 328 1613 δή
364 1538 456 1596 καὶ
488 1536 617 1598 τότε
648 1542 704 1601 ἐς
737 1536 840 1613 τὴν
870 1538 1121 1619 Αἴγιναν,
1147 1541 1257 1598 τῶν
1286 1537 1573 1613 Ἑλλήνων
1609 1540 1726 1600 δεό-

115 1651 284 1703 μενοι
333 1628 702 1685 καταπλῶσαι
750 1631 805 1688 ἐς
854 1625 958 1700 τὴν
1000 1623 1232 1733 Ἰωνίην·
1302 1624 1356 1683 οἳ
1400 1626 1729 1707 προήγαγον

116 1712 328 1775 αυτούς
350 1713 515 1794 μόγις
547 1739 717 1793 μεχρι
742 1710 1063 1788 Δήλου·τό
1097 1737 1209 1791 γαρ
1249 1712 1583 1788 προσωτέρω
1614 1717 1731 1774 πᾶν

116 1799 383 1861 δεινόν’
348 1826 419 1875 ην
467 1803 622 1860 τοῖσι
663 1800 934 1876 Ἕλλησι,
986 1796 1113 1858 οὔτε
1164 1824 1275 1858 των
1326 1824 1520 1876 χωρων
1569 1803 1728 1859 ἐοῦσι

117 1886 462 1966 ἐμπείροισι,
511 1892 781 1965 στρατιῆς
824 1912 887 1947 τε
926 1885 1110 1946 πάντα
1150 1885 1301 1944 πλέα
1346 1884 1527 1945 ἐδόκεε
1569 1886 1728 1946 εἶναι·

116 1974 232 2051 τήν
258 1975 320 2034 δὲ
347 1974 539 2052 Σάμον
566 1976 863 2035 ἐπιστέατο
896 1974 1028 2052 δόξῃ
1057 1974 1149 2032 καὶ
1172 1973 1485 2048 Ἡρακλέας
1509 1973 1730 2050 στήλας

119 2063 260 2123 ἴσον
301 2061 547 2143 ἀπέχειν·
589 2064 892 2124 συνέπιπτε
927 2062 986 2122 δὲ
1021 2065 1259 2130 τοιοῦτο,
1288 2058 1436 2119 ὥστε
1463 2061 1594 2124 τούς
1624 2064 1731 2137 μὲν

119 2150 464 2226 βαρβάρους
512 2151 578 2211 τό
631 2150 773 2227 πρός
819 2150 1058 2227 ἑσπέρης
1109 2147 1362 2226 ἀνωτέρω
1414 2148 1607 2225 Σάμου
1645 2149 1728 2226 μή

119 2239 353 2314 τολμᾶν
387 2242 774 2307 καταπλῶσαι,
811 2236 1316 2316 καταρρωδηκότας·
1357 2236 1485 2301 τούς
1515 2236 1575 2296 δὲ
1590 2237 1729 2297 Ἕλ-

121 2329 324 2399 ληνας,
374 2326 712 2404 χρηῖζόντων
764 2326 932 2395 Χίων,
983 2324 1050 2385 τό
1114 2325 1256 2402 πρὸς
1310 2323 1394 2401 ἤῶ
1445 2326 1732 2403 κατωτέρω

126 2412 352 2486 Δήλου·
394 2439 535 2472 ουτω
560 2413 682 2476 δέος
704 2413 771 2473 τό
796 2414 976 2489 μέσον
1001 2412 1305 2487 ἐφύλασσέ
1327 2419 1539 2487 σφεων.

216 2502 293 2558 Οἱ
316 2502 420 2576 μὲν
448 2501 516 2577 δὴ
533 2501 811 2576 Ἐλληνες
837 2502 1106 2559 ἔπλωον’
1079 2524 1133 2561 ες
1157 2498 1261 2574 τὴν
1281 2501 1496 2573 Δῆλον·
1529 2494 1825 2576 Mum-133

128 2578 316 2643 δόνιος
354 2581 415 2639 δὲ
449 2582 579 2658 περὶ
614 2580 720 2657 τήν
759 2576 1090 2689 Θεσσαλίην
1132 2578 1403 2658 ἐχείμαζε.
1485 2579 1734 2641 ἐνθεῦτεν

132 2666 194 2727 δὲ
239 2665 603 2745 ορμεῶμενος,
647 2671 858 2748 ἔπεμπε
905 2666 1046 2728 κατοὶ
1092 2666 1168 2726 τοὶ
1203 2666 1522 2745 χρηστήρια
1561 2665 1736 2745 ἄνδρα

130 2752 409 2832 Εὐρωπέα
452 2756 627 2837 γένος,
668 2761 746 2836 τῷ
791 2755 1004 2833 οὕνομα
1047 2755 1119 2832 ἦν
1164 2758 1309 2825 Μῦς,
1358 2754 1736 2833 ἐντειλάμενος

132 2847 398 2921 πανταχῆ
422 2868 522 2920 μιν
550 2845 907 2923 χρησόμενον
947 2845 1134 2905 ἐλθεῖν
1164 2846 1278 2903 τῶν
1309 2843 1400 2903 οἷά
1428 2869 1490 2904 τε
1523 2843 1593 2918 ἦν
1623 2851 1736 2920 σφι

134 2926 653 3007 ἀποπειρήσασθαι.
733 2932 768 2993 ὅ
811 2957 869 2993 τι
906 2934 1010 3008 μἐν
1061 2931 1412 3008 βουλόμενος
1452 2931 1737 3005 ἐκμαθέειν

133 3041 279 3093 προς
311 3021 425 3078 τῶν
463 3021 821 3098 χρηστηρίων
864 3022 1040 3078 ταῦτα
1088 3020 1424 3086 ἐνετέλλετο,
1478 3039 1577 3074 ουκ
1630 3015 1738 3092 ἔχω

136 3103 382 3179 φράσαι·
425 3105 491 3166 οὖ
532 3106 642 3188 γσῖρ
687 3106 762 3168 ὧν
802 3107 1046 3185 λέγεται·
1102 3104 1271 3163 δοκέω
1312 3103 1359 3162 δ’
1401 3104 1571 3180 ἔγωγε
1610 3101 1739 3176 περὶ

134 3194 249 3251 τῶν
294 3195 613 3271 παρεόντων
658 3193 1016 3274 πρηγμάτων,
1072 3191 1166 3251 καὶ
1217 3190 1317 3249 οῦκ
1370 3188 1561 3247 ἄλλων
1612 3188 1741 3263 πέρι
