2100 3409
205 78 438 143 ενι-439]
810 77 1220 128 mP-nxopn.
1755 84 1823 129 219

209 185 332 229 κας,
352 158 458 235 τὴν
482 156 544 217 δὲ
570 157 787 233 ἱσθῆτα
810 158 1175 234 μετέβαλλον
1199 156 1408 219 αὖτέων
1434 161 1490 222 ἐς
1513 154 1620 235 τήν
1641 157 1818 219 Ἰάδα·

207 247 453 323 ἐφόρεον
481 244 595 327 γσῖρ
627 244 697 320 δὴ
735 245 845 322 πρὸ
872 249 974 305 τοῦ
1008 249 1067 305 αἱ
1101 250 1211 306 τῶν
1236 244 1546 322 Ἀθηναίων
1569 250 1821 327 γυναῖκες

209 335 433 410 ἐσθῆτα
460 333 701 410 Δωρίδα,
726 336 798 411 τῇ
827 334 1099 413 Κορινθίῃ
1124 333 1696 411 παραπλησιωτάτην·
1724 360 1820 410 με-

204 420 584 499 τέβαλλον’
543 447 620 481 ων
652 426 707 484 ἐς
740 447 839 481 τον
874 422 1060 482 λίνεον
1086 422 1362 491 κιθῶνα,
1338 448 1426 482 ινα
1453 422 1521 498 δή
1547 420 1821 500 περόνῃσι

203 537 294 587 μη
319 511 609 589 χρέωνται·
654 510 798 588 (ἔστι
823 509 884 568 δε
909 508 1113 585 ἀληθέῖ
1138 508 1293 590 λόγῳ
1318 510 1685 588 χρεωμένοισι
1717 535 1818 568 ουκ

204 598 326 660 Ἰας
368 596 507 673 αὕτη
543 595 584 671 ἦ
620 596 791 671 ε’σθης
829 597 896 656 vd
932 597 1195 668 παλαιὰν,
1232 596 1387 656 ἀλλὰ
1414 597 1650 675 Κάειρα·
1692 598 1812 657 ἐπεὶ

201 685 247 755 ἦ
276 710 343 765 γε
368 683 679 760 Ἑλληνικὴ
719 684 890 760 ε’σθὴς
919 689 1084 744 πᾶσα
1108 684 1147 760 ἦ
1173 683 1380 763 ἀρχαίη
1413 689 1525 745 τῶν
1547 689 1819 766 γυναικῶν
1837 688 1914 746 88

205 768 250 846 ἦ
278 772 418 849 αὗτή
447 771 519 848 ἦν
543 770 650 847 τήν
679 776 778 832 νῦν
804 773 1028 850 Δωρίδα
1063 773 1381 852 καλέομεν·)
1418 776 1573 832 τοῖσι
1608 774 1667 832 δὲ
1690 772 1818 850 Ἀρ-

203 861 419 940 γείοισι
463 860 558 919 καὶ
599 859 759 920 τοῖσί
794 860 1135 942 Αζγινήτῃσι
1177 859 1270 919 καὶ
1318 859 1461 937 πρὸς
1510 865 1687 942 ταῦτα
1735 863 1813 920 ἔτι

203 947 338 1007 τόδε
373 952 619 1025 ποιῆσαι
658 948 830 1024 νόμον
857 947 995 1007 εἶναι
1026 948 1182 1025 παρά
1207 954 1322 1024 σφι
1348 950 1678 1025 ἑκατέροισι·
1717 948 1819 1012 τὰς

204 1036 449 1114 περόνας
484 1036 753 1113 ἡμιολίας
794 1037 1088 1096 ποιέεσθαι
1130 1040 1231 1096 τοῦ
1272 1035 1401 1095 τότε
1444 1041 1819 1099 κατεστεῶτος

203 1125 432 1202 μέτρου,
470 1124 566 1183 καὶ
609 1128 664 1187 ἐς
704 1123 770 1183 τό
819 1124 937 1201 ἱρόν
979 1127 1090 1183 τῶν
1134 1124 1273 1183 θεῶν
1305 1123 1543 1183 τουτέων
1580 1124 1818 1201 περόνας

202 1213 469 1289 μάλιστα
502 1202 821 1271 ἀνατιθέναι
857 1210 959 1275 τὰς
989 1215 1271 1291 γυναῖκας·
1310 1209 1567 1270 Ἀττικὸν
1594 1212 1653 1268 δὲ
1676 1210 1819 1286 μήτε
1867 1239 1874 1246 ·

203 1326 262 1359 τι
303 1299 461 1359 ἄλλο
504 1300 852 1376 προσφέρειν
893 1298 1034 1375 πρός
1077 1298 1144 1358 vd
1191 1297 1327 1374 ἱρὸν,
1370 1296 1512 1375 μήτε
1554 1299 1812 1375 κέραμον,

203 1386 340 1448 ἀλλ’
376 1393 439 1448 ἐκ
480 1387 752 1466 χυτρίδων
794 1388 1130 1466 ἐπιχωριέων
1165 1385 1337 1463 νόμον
1371 1385 1438 1445 τὰ
1474 1385 1678 1446 λοιπόν
1715 1384 1807 1445 αὖ·

200 1476 335 1537 τόθι
364 1476 507 1535 εἶναι
530 1476 721 1535 πίνειν.
806 1474 1075 1556 Ἀργείων
1100 1475 1206 1551 μέν
1240 1500 1337 1534 νυν
1365 1474 1456 1533 καὶ
1483 1474 1817 1555 Αἰγινητέων

201 1567 266 1622 αἶ
291 1569 556 1645 γυναῖκες
583 1564 643 1621 ἔκ
667 1589 730 1622 τε
756 1563 933 1623 τόσου
961 1561 1080 1621 κατ’
1109 1563 1220 1640 ἔριν
1245 1566 1356 1622 τῶν
1379 1561 1686 1637 Ἀθηναίων
1720 1587 1815 1620 πε-

201 1652 376 1728 ρόνας
404 1654 484 1711 ἔτι
513 1651 605 1709 καὶ
634 1657 688 1713 ἐς
717 1653 814 1728 ἐμὲ
843 1650 1081 1728 ἐφόρεον
1107 1651 1342 1727 μέζονας
1366 1648 1403 1725 ἢ
1430 1650 1541 1726 πρό
1567 1654 1689 1708 τοῦ.

287 1743 407 1815 Τῆς
454 1739 514 1797 δὲ
558 1738 760 1817 ἔχθρης
805 1742 906 1814 τῆς
946 1738 1089 1815 πρὸς
1123 1738 1423 1819 Αἰγινήτας
1459 1735 1812 1811 Ἀθηναίοισι
1835 1740 1906 1797 89

202 1827 515 1907 γενομένης
551 1825 704 1906 ἀρχῆ
743 1827 883 1887 κατὰ
917 1826 990 1886 τοῖ
1026 1827 1238 1903 εἴρηται
1266 1826 1501 1904 ἐγένετο.
1582 1822 1711 1882 τότε
1746 1824 1814 1900 δὴ

204 1916 480 1990 Θηβαίων
535 1914 992 1992 ἐπικαλεομένων,
1039 1913 1337 1991 προθύμως
1398 1915 1508 1970 τῶν
1561 1911 1690 1987 περὶ
1740 1911 1813 1970 τὰ

205 2001 518 2083 ἀγάλματα
557 2004 867 2085 γενομένων
902 1998 1456 2079 ἀναμιμνησκόμενοι
1502 2001 1556 2059 οἱ
1591 2002 1813 2079 Αἰγινῆ-

202 2114 302 2149 ται
352 2092 627 2167 ἐβοήθεον
678 2095 832 2150 τοῖσι
879 2093 1199 2158 Βοιωτοῖσι.
1282 2087 1583 2168 Αἰγινῆταί
1629 2112 1692 2147 τε
1742 2087 1811 2163 δή

207 2177 403 2258 ε’δῄευν
427 2182 530 2254 τῆς
553 2178 812 2253 Ἀττικῆς
835 2177 907 2237 τοὶ
938 2177 1404 2253 παραθαλάσσια,
1436 2177 1529 2235 καὶ
1558 2175 1815 2252 Ἀθηναί-

208 2292 330 2326 οισι
357 2265 763 2343 ὁρμεωμένοισι
790 2265 872 2324 ἐπ’
894 2264 1197 2345 Αἰγινήτας
1222 2264 1645 2341 στρατεύεσθαι,
1672 2264 1815 2340 ἦλθε

205 2354 483 2430 μαντήῖον
531 2359 592 2411 ἐκ
636 2358 881 2427 Δελφῶν
925 2352 1263 2430 ἐπισχόντας
1293 2350 1410 2412 ἅπᾶ
1452 2355 1554 2411 τοῦ
1593 2356 1815 2432 Αἰγινη-

205 2443 348 2501 τέων
385 2440 600 2500 ἀδικίου
638 2440 936 2518 τριήκοντα
971 2442 1112 2511 ἔτεα,
1140 2444 1218 2518 τῷ
1254 2440 1333 2499 ἑνὶ
1369 2440 1462 2497 καὶ
1485 2443 1814 2517 τριηκοστῷ,

205 2532 403 2606 Αἰακῷ
431 2529 660 2605 τέμενος
691 2527 1067 2598 ἀποδέξαντας
1108 2527 1387 2607 ἄρχεσθαι
1422 2531 1523 2587 τοῦ
1559 2526 1700 2605 πρὸς
1736 2531 1829 2586 Αἰ-

204 2613 441 2697 γινήτας
480 2617 755 2692 πολέμου·
800 2616 895 2674 καί
929 2623 1042 2693 σφι
1082 2615 1364 2695 χωρήσειν
1388 2613 1460 2674 τοὶ
1485 2613 1813 2691 βούλονται·

204 2704 279 2781 ἢν
305 2704 367 2763 δὲ
395 2703 593 2764 αὐτίκα
620 2705 1138 2782 ἐπιστρατεύωνται,
1166 2701 1363 2763 πολλὰ
1398 2703 1502 2779 μέν
1537 2709 1723 2779 σφεας
1758 2707 1817 2762 ε’ν

204 2795 287 2871 τῷ
312 2792 523 2869 μεταξι)
549 2796 652 2853 τοῦ
678 2792 887 2871 χρόνου
906 2793 1211 2852 πείσεσθαι
1229 2790 1425 2851 πολλοὶ
1452 2790 1511 2850 δὲ
1540 2793 1632 2851 καὶ
1657 2782 1818 2866 ποιῆ-

208 2905 356 2940 σειν·
397 2882 563 2944 τέλος
585 2881 780 2958 μέντοι
808 2879 1318 2958 καταστρέψεσθαι.
1383 2882 1563 2938 ταῦτα
1589 2878 1662 2940 ὥς
1685 2876 1818 2935 οἷπε-

206 2967 562 3047 νειχθέντα*
524 2994 781 3045 ηκσυσαν
807 2972 862 3028 οἷ
885 2967 1190 3043 Ἀθηναῖοι,
1217 2972 1295 3044 τῷ
1319 2968 1424 3042 μὲν
1450 2969 1637 3040 Αιακῷ
1662 2963 1829 3034 τέμε·

209 3081 310 3119 νος
348 3056 638 3127 ἀπέδεξαν,
664 3062 834 3117 τοῦτο
866 3055 934 3116 τὸ
973 3059 1071 3116 νῦν
1102 3056 1194 3115 ε’πι
1226 3058 1327 3128 τῆς
1351 3052 1606 3133 ἆγορῆςι
1587 3049 1814 3122 ἵδρυται·

209 3143 513 3223 τριήκοντα
553 3146 680 3205 δὲ’
652 3171 777 3204 ετεα
817 3171 916 3204 ουκ
950 3142 1260 3221 ἀνέσχοντο
1301 3138 1638 3198 ἀκούσαντες
1680 3128 1817 3190 ὅκως

207 3257 398 3313 χρεων
441 3234 525 3310 εἴη
574 3236 847 3312 ἐπισχεῖν,
897 3227 1248 3291 πεπονθότας
1292 3248 1432 3300 προς
1478 3212 1814 3296 Αἰγινητέων
