2100 3409
323 98 385 146 66
942 98 1308 148 ἮΡοΔοτοτ
1810 97 1942 162 [VI.

319 176 482 248 κακοὶ,
508 176 734 257 χιλίῃσι
760 176 1069 255 δραχμῇσι·
1097 177 1192 236 καὶ
1213 176 1486 246 ἐπέταξαν
1503 176 1704 254 μηκέτι
1722 178 1948 254 μηδένα

318 266 573 345 χρᾶσθαι
598 264 773 343 τούτῳ
799 269 875 343 τῷ
902 264 1155 342 δράματι.

224 353 301 412 22
403 353 664 428 Μίλητος
690 353 794 428 μέν
820 377 918 411 νυν
944 354 1251 428 Μιλησίων
1278 350 1549 429 ἕρήμωτσ.
1621 352 1856 429 Σαμίων
1879 354 1945 413 δὲ

316 441 477 500 τοῖσί
525 466 583 500 τι
642 440 834 518 ἔχουσι
878 438 947 500 τὸ
994 442 1099 517 μὲν
1145 443 1203 502 ἐς
1244 438 1374 501 τούς
1432 438 1663 513 Μήδους
1713 444 1774 498 ἐκ
1828 445 1942 501 τῶν

317 530 648 608 στρατηγῶν
687 531 798 587 τῶν
832 528 1124 605 σφετέρων
1159 526 1391 601 ποιηθὲν
1425 524 1677 603 οὐδαμῶς
1701 525 1938 603 ἤρεσκε.

317 614 499 674 ἐδόκεε
520 614 579 674 δὲ
597 613 746 691 μεταῖ
759 613 864 691 τήν
886 615 1201 693 ναυμαχίην
1222 612 1427 673 αὖτίκα
1439 614 1940 691 βουλευομένοισι,

318 703 457 779 πρὶν
487 701 528 779 ἦ
568 708 682 778 σφι
723 708 779 766 ἐς
816 701 922 778 τήν
962 701 1149 781 χώρην
1182 701 1488 761 ἀπικέσθαι
1525 699 1626 761 τᾶν
1662 702 1939 778 τύραννον

315 788 527 849 Αἰάκεα
555 795 612 853 ἐς
636 790 897 866 ἀποικίην
917 790 1189 860 ἐκπλέειν,
1216 788 1360 866 μηδὲ
1382 789 1650 865 μένοντας
1676 790 1944 865 Μήδοισί

314 903 378 937 τε
433 879 526 936 καὶ
570 878 763 936 Αἰάκεϊ
806 877 1110 938 δουλεύειν.
1165 880 1505 959 ’Ζαγκλαῖοι
1550 876 1664 956 γαῖρ
1713 881 1769 936 οἱ
1820 877 1937 938 οἷπδ
2003 890 2008 894 ’

316 966 577 1041 Σικελίης
601 964 701 1025 τόν
730 964 898 1025 αὖτόν
925 964 1132 1043 χρόνον
1163 969 1367 1025 τοῦτον
1403 965 1718 1041 πέμποντες
1746 971 1806 1028 ἐς
1830 967 1934 1041 τῆν

314 1047 526 1129 Ἰωνίην
555 1052 830 1134 ἀγγέλους
867 1054 1236 1113 ἐπεκαλέΜο
1271 1077 1404 1114 τους
1418 1050 1614 1114 Ἲωνως
1641 1057 1697 1114 ἔς
1724 1051 1937 1129 Καλὴν

311 1138 537 1217 Ἀκτην,
563 1140 910 1251 βουλόμενοι
947 1138 1143 1200 αὗτόθι
1169 1138 1342 1198 πάλιν
1374 1140 1562 1198 κτίσαι
1588 1138 1807 1201 Ἰώνων.
1893 1142 1935 1217 ἦ

316 1227 376 1286 δὲ
418 1229 592 1305 Καλη
634 1227 774 1304 αὕτη
805 1227 981 1302 Ἀκτῆ
1015 1213 1327 1302 καλεομένη
1363 1227 1485 1285 ἔστι
1519 1228 1623 1302 μὲν
1657 1227 1936 1299 Σικελῶν,

264 1361 289 1385 .
312 1315 450 1392 πρός
479 1316 538 1374 δὲ
563 1318 877 1392 Τυρσηνίην
895 1316 1245 1391 τετραμμένη
1264 1318 1366 1390 τῆς
1389 1315 1663 1390 Σικελίης.
1720 1341 1938 1377 τουτων

313 1400 386 1482 ὧν
415 1404 871 1478 ἐπικαλεομένων,
902 1406 955 1461 οἶ
990 1402 1195 1478 Σαμιοι
1226 1404 1424 1479 μοῦνοι
1452 1401 1650 1462 Ἰωνων
1684 1404 1933 1481 ἐστάλη-

218 1491 293 1551 23
316 1516 426 1550 σαν
454 1516 560 1550 συν
594 1489 658 1548 δέ
692 1497 804 1566 σφι
836 1491 1140 1566 Μιλησίων
1168 1493 1224 1549 οἶ
1251 1489 1671 1570 ἐκπεφευγότες.
1756 1491 1935 1552 Ἐν
1887 1522 1935 1552 ω

310 1577 522 1639 τοιόνδε
554 1578 627 1653 δη
649 1604 702 1638 τι
730 1578 1016 1654 συνήνεικε
1053 1578 1337 1658 γενέσθαι·
1382 1577 1587 1654 Σάμιοι
1618 1605 1730 1658 γαρ
1770 1606 1932 1656 κομι-

314 1665 534 1744 ζόμενοι
589 1671 643 1730 ἔς
698 1666 958 1743 Σικελίην
1011 1666 1258 1746 ἐγίνοντο
1326 1669 1384 1725 έν
1436 1670 1713 1741 Λοκροῖσι
1768 1672 1934 1729 τοῖσι

309 1752 774 1833 Ἐπιζεφυρίοισι,
805 1755 895 1813 καὶ
930 1758 1239 1835 Ζαγκλαῖοι
1268 1753 1436 1814 αὗταί
1462 1780 1525 1812 τε
1568 1756 1660 1812 καὶ
1688 1755 1728 1815 ὅ
1746 1758 1928 1830 βασι-

308 1843 438 1906 λεῦς
486 1843 680 1913 αὐτῶν,
732 1847 811 1923 τῷ
851 1840 1062 1918 οὕνομα
1110 1840 1180 1918 ἦν
1236 1839 1470 1916 Σκύθης,
1524 1843 1932 1918 περιεκατέατο

307 1929 479 1990 πόλιν
518 1934 629 1990 τῶν
672 1934 917 1994 Σικελῶν
961 1931 1170 1999 ἐξελεῖν
1205 1928 1570 2005 βουλόμενοι·
1623 1930 1819 2005 μαθων
1861 1932 1930 1991 δὲ

307 2022 482 2076 ταῦτα
509 2016 540 2077 ὁ
567 2018 795 2097 Ῥηγίου
828 2017 1092 2093 τύραννος
1125 2016 1474 2086 Ἀναξίλεως,
1501 2016 1635 2076 τότε
1664 2017 1768 2077 ε’ῶν
1804 2019 1923 2078 διά·-

317 2110 493 2180 φορος
519 2109 672 2164 τοῖσι
701 2104 1091 2184 Ζαγκλαίοισι,
1131 2104 1413 2180 συμμίξας
1451 2107 1606 2163 τοῖσι
1648 2106 1923 2179 Σαμίοισι

309 2190 593 2251 ἀναπείθει
635 2190 705 2254 ὥς
744 2191 915 2270 χρεὸν
958 2192 1040 2267 εἴη
1085 2190 1290 2267 Καλὴν
1330 2193 1433 2267 μὲν
1471 2189 1682 2267 Ἀκτῆν
1723 2192 1808 2250 ἐπ’
1845 2193 1925 2269 ἢν

307 2279 509 2338 ἔπλεον
551 2282 646 2338 ε’ὀῖν
686 2280 916 2357 χαίρειν,
950 2280 1056 2355 τήν
1096 2280 1157 2339 δὲ
1198 2278 1459 2360 Ζάγκλην
1502 2284 1671 2357 σχεῖν
1710 2284 1924 2340 εὀῧσαν

308 2371 515 2444 ε’ρῆμον
569 2366 799 2442 ἅνδρῶν·
869 2368 1210 2445 πειθομένων
1262 2367 1322 2425 δὲ
1374 2370 1484 2426 τῶν
1540 2368 1766 2444 Σαμίων
1820 2370 1920 2428 καὶ
1973 2413 1978 2418 ·

306 2454 559 2533 σχόντων
609 2455 715 2531 τήν
763 2455 1041 2536 Ζάγκλην,
1099 2457 1334 2515 ἐνθαῦτα
1378 2457 1433 2513 οῖ
1485 2456 1798 2534 Ζαγκλαῖοι
1844 2455 1921 2520 ὥς

307 2542 574 2603 ἐπύθοντο
603 2544 877 2624 ἐχομένην
897 2544 1001 2617 τήν
1022 2542 1193 2602 πόλιν
1215 2546 1441 2612 ἑωυτῶν,
1466 2541 1748 2618 ἐβοήθεον
1770 2542 1916 2623 αὐτῇ

292 2632 397 2690 ’καὶ
438 2634 802 2691 ἐπεκαλέοντο
840 2630 1213 2707 Ἱπποκράτεα
1256 2629 1358 2689 τόν
1392 2631 1573 2706 Γέλης
1614 2629 1909 2706 τύραννον·

303 2718 373 2795 ἦν
406 2721 515 2801 γὰρ
555 2721 629 2799 δή
669 2728 779 2795 σφι
812 2718 972 2783 οὗτος
1000 2718 1321 2797 σύμμαχος·
1366 2719 1490 2777 ἐπεί
1510 2743 1576 2776 τε
1599 2718 1659 2776 δὲ
1687 2717 1916 2778 αὐτοῖσι

307 2809 398 2864 καὶ
438 2834 468 2866 ο
510 2807 881 2882 Ἱπποκράτης
927 2833 1034 2866 σ-υν
1079 2810 1154 2885 τῇ
1198 2808 1437 2884 στρατιῆ
1481 2803 1583 2880 ἧκε
1630 2806 1911 2881 βοηθέων,

303 2892 524 2970 Σκύθην
560 2897 663 2969 μὲν
697 2893 795 2953 τόν
835 2919 1156 2972 μουναρχον
1186 2898 1295 2953 τῶν
1323 2893 1650 2972 Ζαγκλαίων
1684 2892 1912 2968 ἀποβα-

301 2982 475 3042 λόντα
519 2982 625 3057 τὴν
665 2980 835 3040 πόλιν
875 3008 907 3040 ο
949 2980 1322 3057 Ιπποκράτης
1363 2980 1629 3055 πεδήσας,
1675 2980 1769 3039 καὶ
1808 2981 1913 3042 τᾶν

300 3068 580 3147 α’δελφεον
624 3068 793 3128 αυτοῦ
837 3070 1180 3149 Πυθογένεα,
1228 3075 1282 3132 ἐς
1308 3068 1531 3128 Ἴνυκον
1567 3068 1744 3128 πόλιν
1775 3068 1911 3129 απέ-

299 3167 505 3238 πεμψε·
548 3156 675 3218 τούς
716 3157 775 3215 δὲ
816 3157 1046 3218 λοιποῦς
1091 3158 1455 3237 Ζαγκλαίους,
1496 3157 1911 3238 κοινολογησά-

298 3269 461 3320 μενος
500 3248 652 3305 τοῖσι
679 3244 947 3321 Σαμίοισι
975 3243 1065 3302 καὶ
1094 3244 1286 3319 ὅρκους
1315 3242 1443 3307 ὃοῧς
1469 3243 1560 3302 καὶ
1587 3244 1911 3321 δεξάμενος,
