2100 3409
269 83 369 133 232
912 80 1279 131 ἨΡοΔοτοτ
1681 80 1887 147 [vm.

272 163 377 237 μὲν
415 160 526 240 γάρ
557 162 669 221 τῶν
709 159 939 219 Φωκέων
980 164 1037 223 ἐς
1076 184 1149 218 τα
1193 158 1338 236 ἄκρα
1375 160 1478 219 τοῦ
1518 154 1894 237 Παρνησσοῦ

271 246 581 323 ἀνέβησαν·
651 248 773 308 ἔστι
814 247 874 306 δὲ
919 247 1012 305 καὶ
1058 247 1316 323 ἐπιτηδέη
1362 247 1632 316 δέξασθαι
1673 247 1894 324 ὅμιλον

270 341 372 395 τοῦ
394 338 743 414 Παρνησσοῦ
761 334 801 411 ἦ
821 333 1041 412 κορυφὴ
1069 335 1210 394 κατὰ
1231 334 1430 395 Νέωνα
1453 335 1626 395 πόλιν
1652 336 1895 413 κειμένη

275 421 359 483 ἐπ’
388 427 607 499 ἐωυτῆς·
648 423 886 500 Τιθορέα
912 422 1124 498 οὕνομα
1158 420 1318 501 αὐτῇ·
1361 427 1416 485 ἐς
1440 421 1546 498 τήν
1572 422 1639 499 δή
1667 422 1895 500 ἀνηνεί-

275 536 462 581 καντο,
507 511 599 569 καὶ
641 508 798 570 αὐτοὶ
842 507 1151 585 ἀνέβησαν·
1221 512 1275 570 οἶ
1319 509 1378 569 δὲ
1420 513 1655 574 πλεῦνες
1697 511 1897 572 ‹uh-‹31›

276 603 332 663 ἐς
362 599 490 661 τοῦς
522 596 762 670 Ὀζόλας
792 597 1043 675 Λοκρούς
1086 597 1499 674 ἐξεκομίσαντο,
1535 601 1591 662 ἐς
1618 596 1896 675 Ἀμφισ-

278 712 389 746 σαν
407 685 592 756 πόλιν,
611 686 715 762 τήν
730 685 868 762 ὑπὲρ
894 690 995 744 τοῦ
1017 685 1298 761 Κρισαίου
1316 685 1510 746 πεδίου
1537 687 1891 764 οἰκεομένην.

276 775 332 832 οἱ
379 774 438 833 δὲ
479 773 771 852 βάρβαροι
810 774 914 850 τήν
954 772 1145 853 χώρην
1184 776 1380 832 πᾶσαν
1427 774 1736 850 ἐπέδραμον
1777 775 1895 850 τήν

277 862 513 921 Φωκίδα·
568 861 868 921 ’Θεσσαλοὶ
914 859 1027 942 γαρ
1076 860 1216 921 οὕτω
1266 860 1409 941 ἦγον
1460 860 1560 921 τὸν
1611 861 1892 939 στρατόν·

278 948 460 1008 ὁκόσα
486 949 545 1009 δὲ
572 950 832 1028 ἐπέσχον,
857 947 1042 1008 πάντα
1069 949 1386 1029 ἐπέφλεγον
1412 948 1507 1008 καὶ
1532 950 1758 1026 ἔκειρον,
1793 952 1894 1009 καὶ

182 1036 306 1094 33’
280 1061 336 1098 ες
369 1062 468 1099 τας
499 1036 665 1100 πόλις
703 1037 929 1099 ἐνιέντες
958 1040 1072 1113 πῦρ
1110 1036 1202 1095 καὶ
1239 1041 1294 1100 ἐς
1327 1036 1398 1096 τοὶ
1440 1038 1549 1114 ἱρά.
1631 1038 1897 1115 Πορευό-

277 1149 436 1200 μενοι
486 1150 597 1203 γαρ
646 1123 820 1203 ταύτῃ
872 1123 1027 1200 παρὰ
1085 1122 1185 1184 τὸν
1240 1124 1553 1201 Κηφισσον
1605 1125 1898 1201 ποταμὸν,

282 1215 309 1270 ἐ
377 1212 495 1271 ιουν
520 1211 717 1281 πάντα,
746 1212 838 1271 καὶ
865 1238 1006 1272 κατα
1036 1213 1142 1288 μὲν
1173 1213 1411 1271 ἔκαυσαν
1438 1212 1668 1290 Δρόμον
1692 1214 1897 1284 πόλιν,

284 1323 424 1358 κατα
462 1298 521 1358 δὲ
546 1299 870 1376 Χαράδρην,
899 1300 992 1358 καὶ
1012 1298 1286 1379 Ἔρωχον,
1316 1301 1408 1358 καὶ
1436 1299 1762 1376 Τεθρωνιον,
1798 1302 1901 1360 καὶ

275 1384 639 1462 Ἀμφίκαιαν,
683 1387 774 1444 καὶ
811 1386 1024 1456 Νέωνα,
1076 1387 1168 1445 καὶ
1205 1387 1455 1456 Πεδιέας,
1500 1387 1592 1445 καὶ
1632 1389 1900 1464 Τριτέας,

286 1471 377 1531 καὶ
414 1471 724 1541 Ἐλάτειαν,
760 1473 852 1531 καὶ
889 1472 1223 1551 Ὑάμπολιν,
1258 1474 1348 1532 καὶ
1387 1475 1902 1552 Παραποταμίους,

285 1559 378 1618 καὶ
420 1558 627 1635 Ἀβας·
697 1561 827 1621 ἔνθα
877 1559 949 1637 ἦν
1003 1561 1122 1639 ῖρὸν
1172 1560 1533 1625 ’Λπόλλωνος
1584 1561 1901 1639 πλούσιον,

285 1647 629 1739 θησαυροῖσί
646 1673 709 1708 τε
735 1649 829 1708 καὶ
854 1647 1179 1726 ἀναθήμασι
1208 1653 1481 1710 πολλοῖσι
1509 1675 1902 1713 κατεσκευασ-

283 1734 468 1812 μένον·
530 1734 598 1812 ἦν
645 1734 704 1795 δὲ
750 1736 842 1795 καὶ
887 1736 1015 1797 τότε
1064 1737 1155 1795 καὶ
1203 1742 1300 1798 νῦν
1355 1738 1494 1809 ἐστὶ,
1536 1736 1909 1817 χρηστήριον

286 1821 496 1885 αὐτόθι·
557 1824 649 1882 καὶ
686 1828 849 1885 τοῦτο
890 1824 954 1884 τὸ
998 1824 1118 1900 ἶρὸν
1160 1824 1510 1900 πλήσαντες
1551 1825 1906 1902 ἐνέπρησαν·

286 1912 383 1970 καί
422 1936 573 1974 τινας
614 1911 896 1975 διώκοντες
938 1910 1092 1971 εἶλον
1130 1915 1245 1971 τῶν
1284 1913 1513 1973 Φωκέων
1551 1912 1692 1988 πρὸς
1730 1919 1910 1976 τοῖσι

289 1996 496 2075 οὔρεσι·
570 1999 662 2058 καὶ
700 1998 959 2080 γυναῖκάς
998 2023 1150 2061 τινας
1192 1998 1509 2123 διέφθειραν
1545 1998 1912 2081 μισγόμενοι

286 2084 397 2146 ὕπο
425 2086 689 2162 πλήθεος.

193 2173 274 2233 34
370 2174 841 2251 Παραποταμίους
876 2174 935 2232 δὲ
967 2174 1452 2252 παραμειβόμενοι
1487 2178 1539 2235 οἶ
1573 2174 1912 2257 βάρβαροι,

287 2258 551 2319 απίκοντο
579 2265 634 2322 ἐς
653 2263 968 2325 Πανοπέας·
1011 2263 1261 2322 ἐνθεῦτεν
1282 2262 1350 2338 δη
1371 2261 1477 2339 ἤδη
1504 2263 1916 2346 διακρινομένη

288 2347 327 2423 ἦ
372 2371 607 2423 στρατιη
651 2346 829 2406 αὐτῶν
870 2349 1142 2427 ἐσχίζετο.
1224 2375 1291 2410 το
1329 2352 1434 2427 μὲν
1473 2354 1752 2411 πλεῖστον
1813 2359 1916 2417 καὶ

289 2431 664 2493 δυνατώτατον
689 2456 793 2492 του
827 2441 1089 2513 στρατοῦ,
1123 2463 1239 2513 αμα
1274 2436 1420 2515 αὐτῷ
1443 2437 1621 2515 Ξέρξῃ
1658 2444 1918 2516 πορευό-

287 2546 456 2597 μενον
508 2520 614 2580 ἐπ’·
637 2520 893 2598 Ἀθήνας,
950 2524 1199 2599 ἐσέβαλε
1247 2529 1301 2587 ἐς
1355 2524 1626 2587 Βοιωτούς
1678 2530 1737 2589 ἐς
1793 2536 1921 2610 γῆν

287 2607 679 2687 Ὀρχομενίων.
762 2613 1018 2669 Βοιωτῶν
1055 2610 1114 2669 δὲ
1149 2615 1264 2671 πᾶν
1293 2611 1358 2672 τό
1396 2613 1613 2687 πλῆθος
1645 2612 1920 2690 ἐμήδιζε·

287 2694 388 2759 τοὶς
413 2696 472 2755 δὲ
495 2696 662 2760 πόλις
692 2696 870 2757 αὐτῶν
906 2695 1100 2774 ἅνδρες
1124 2699 1442 2762 Μακεδόνες
1474 2699 1924 2780 διατεταγμένοι

291 2783 511 2852 ἔσωζον,
563 2782 674 2843 ὑπὸ
713 2783 1083 2862 Ἀλεξάνδρου
1137 2784 1611 2864 ἀποπεμφθέντες·
1687 2788 1926 2865 ἔσωζον

291 2871 366 2942 δὲ,
412 2870 544 2948 τῇδε
585 2869 924 2947 βουλόμενοι
967 2872 1143 2948 δῆλον
1189 2875 1395 2934 ποιέειν
1447 2873 1624 2952 Ξέρξῃ
1683 2874 1782 2936 ὅτι
1844 2883 1924 2945 τὰ

289 2957 499 3034 Μήδων
531 2957 765 3015 Βοιωτοὶ
802 2959 1108 3034 φρονέοιεν.
1193 2956 1349 3021 οὗτοι
1379 2963 1485 3038 μὲν
1510 2959 1576 3035 δή
1608 2965 1728 3021 τῶν
1754 2966 1928 3046 βαρ.

197 3048 271 3104 35
288 3046 481 3125 βάρων
533 3042 707 3122 ταύτῃ
763 3043 1083 3119 ἐτράποντο.
1154 3047 1369 3109 Ἄλλοι
1415 3049 1475 3108 δὲ
1516 3046 1716 3119 αὐτων,
1771 3053 1928 3137 ἦγε.

289 3134 461 3211 μόνας
496 3135 730 3214 ἔχοντες,
761 3127 999 3207 ὁρμέατο
1033 3134 1126 3194 ἐπὶ
1157 3135 1223 3195 τὰ
1256 3134 1376 3213 ἷρόν
1406 3136 1472 3196 τὸ
1509 3140 1566 3196 ἐν
1594 3140 1930 3215 Δελφοῖσ

290 3223 350 3279 ἐν
393 3221 550 3302 δεξιῇ
589 3217 691 3280 τὸν
733 3219 1081 3295 Παρνησσόν
1119 3221 1471 3304 ἀπέργοντες·
1536 3222 1650 3284 ὅσα
1698 3223 1772 3287 δὲ
1823 3236 1935 3301 καὶ
