2100 3409
152 72 381 139 21—251
790 67 1163 122 mmmm.
1660 75 1756 126 133

149 157 279 230 μὲν,
308 151 600 213 κατῶτατα
626 152 903 221 ἑστεῶτες,
931 150 1210 229 ὤρυσσον*
1250 151 1430 230 ἕτεροι
1453 151 1515 212 δὲ
1538 154 1757 232 παρεδί-

154 243 336 303 δοσαν
376 240 480 301 τᾶν
523 239 630 299 αἰεὶ
677 239 1123 317 ἐξορυσσόμενον
1169 244 1308 319 χοῦν
1354 239 1590 300 ἄλλοισι
1630 266 1758 302 κατ-

152 330 365 407 ύπερθε
409 331 648 389 ἑστεῶσι
691 327 783 387 ἐπὶ
815 326 1069 405 βάθρων·
1110 330 1163 388 οἱ
1202 327 1248 388 δ’
1288 326 1360 388 αὖ
1396 327 1757 404 ἐκδεκόμενοι,

154 420 420 495 ἑτέροισι,
465 416 564 479 ἕως
608 414 874 477 ἀπίκοντο
918 421 973 479 ἐς
1012 414 1144 479 τοὺς
1187 415 1460 477 ἀνωτάτω·
1504 414 1657 476 οὗτοι
1700 417 1760 476 δὲ

153 504 459 584 ἐξεφόρεόν
483 528 547 564 τε
574 504 667 563 καὶ
693 503 1027 587 ἐξέβαλλον.
1079 507 1233 564 τοῖσι
1255 505 1360 582 μέν
1385 530 1481 565 νυν
1505 503 1757 574 ἄλλοισι,

150 594 313 671 πλὴν
362 593 650 663 Φοινίκων,
703 591 1208 674 καταρρηγνύμενοι
1260 596 1313 653 οἶ
1368 594 1602 670 κρημνοὶ
1658 597 1759 653 τοῦ

149 681 476 762 ὀρύγματος
510 679 686 740 πόνον
721 680 1024 755 διπλήσιον
1062 684 1347 758 παρεῖχον·
1389 678 1487 739 α”τε
1510 680 1622 761 γὰρ
1655 684 1760 741 τοῦ

148 793 212 830 τε
237 767 358 828 ἄνω
386 767 670 845 στόματος
697 768 787 827 καὶ
811 772 912 828 τοῦ
939 767 1087 828 κάτω
1111 767 1182 828 τοὶ
1208 767 1349 828 αὐτοὶ
1372 768 1550 846 μέτρα
1575 795 1756 829 ποιευ-

147 858 353 934 μένων,
383 857 593 934 ἔμελλέ
616 863 730 932 σφι
754 860 976 916 τοιοῦτο
998 853 1427 933 ἀποβήσεσθαι·
1470 859 1524 915 οἶ
1551 857 1610 915 δὲ
1630 857 1757 917 Φοί-

148 970 300 1007 νικες
321 945 540 1020 σοφίην
567 946 623 1005 ἔν
645 969 708 1005 τε
724 945 887 1004 ’τοῖσι
909 942 1147 1004 ἄλλοισι
1173 945 1390 1025 ἔργοισι
1413 943 1758 1006 ἀποδείκνυν-

148 1057 265 1103 ται,
293 1032 390 1091 καὶ
425 1032 494 1108 δὴ
532 1032 625 1091 καὶ
661 1037 719 1093 ἐν
759 1032 960 1114 ἐκείνῳ·
1001 1031 1387 1111 ἀπολαχόντες
1412 1033 1523 1114 γσῖρ
1562 1033 1760 1110 μόριον

149 1117 298 1179 ὅσον
340 1116 564 1180 αὐτοῖσι
597 1119 905 1196 ἐπέβαλλε,
933 1118 1184 1197 ὅρυσσον
1207 1119 1273 1179 τό
1298 1122 1403 1196 μὲν
1428 1118 1539 1180 ἅνω
1570 1146 1758 1196 στομα

148 1211 258 1283 τῆς
281 1206 552 1286 διωρυχος
575 1212 856 1270 ποιεῦντες
883 1205 1254 1281 διπλήσιον
1219 1232 1256 1282 η
1284 1206 1424 1267 ὅσον
1454 1207 1559 1265 ἔδει
1586 1207 1759 1283 αὐτὴν

150 1295 260 1371 τήν
275 1294 540 1403 Αδιῶρυχα
575 1295 857 1390 γενέσθαι·
897 1295 1307 1371 προβαίνοντος
1343 1294 1403 1353 δὲ
1442 1298 1542 1353 τοῦ
1578 1296 1756 1376 ἔργου,

151 1386 408 1463 συνῆγον
434 1384 558 1442 αἰεί·
600 1382 747 1443 κάτω
770 1409 833 1443 τε
858 1383 982 1460 δὴ’
956 1383 1184 1464 εγίνετο,
1206 1385 1296 1442 καὶ
1324 1383 1581 1452 ἐξισοῦτο
1606 1387 1758 1444 τοῖσι

151 1469 394 1530 ἄλλοισι
419 1469 486 1531 τό
515 1471 694 1551 ἔργον.
777 1471 1011 1532 ἐνθαῦτα
1037 1472 1099 1529 δε
1125 1470 1386 1548 λειμῶν’
1361 1496 1500 1541 εστι,
1532 1471 1620 1532 ἵνα
1645 1479 1758 1548 σφι

152 1556 339 1639 ἀγορή
364 1584 427 1618 τε
453 1559 663 1639 ἐγίνετο
690 1560 783 1619 καὶ
800 1558 1127 1635 πρητήριον·
1155 1561 1313 1622 σῖτος
1333 1559 1395 1618 δέ
1413 1566 1590 1635 σφισι
1615 1563 1756 1619 πολ-

151 1646 261 1709 λὸς
302 1647 505 1722 ἐφοίτα
545 1650 607 1704 ἐκ
647 1650 749 1722 τῆς
789 1645 987 1722 Ἀσίης
1027 1645 1433 1723 ἀληλεσμένος.
1514 1645 1612 1709 Ὦς
1650 1649 1754 1722 μὲν
1774 1649 1851 1708 24

154 1735 257 1809 ἐμὲ
286 1733 800 1810 σ-υμβαλλεόμενον
832 1733 1121 1811 εὑρίσκειν,
1148 1732 1657 1814 μεγαλοφροσύνης
1683 1735 1753 1792 εἵ-

155 1846 290 1881 νεκα
323 1845 461 1881 αυτο
488 1820 757 1899 Ξέρξης’
726 1821 992 1898 ορύσσειν
1019 1821 1254 1891 ἐκέλευε,
1279 1821 1490 1881 ἐθέλων
1514 1846 1579 1879 τε
1604 1820 1756 1880 δύνα-

152 1933 253 1985 μιν
279 1908 714 2018 ἀποδείκνυσθαι
741 1910 833 1968 καὶ
857 1907 1194 2018 μνημόσυνα
1220 1907 1508 1967 λιπέσθαι·
1550 1908 1759 1985 παρεὸν

154 1996 268 2081 γὰρ
308 1991 569 2073 μηδένα
563 1996 735 2057 πόνον
777 1997 1066 2073 λαβόντας
1108 2022 1210 2056 τον
1253 1994 1460 2073 ἰσθμόν
1494 2021 1595 2058 τας
1637 1997 1760 2060 νέας

156 2079 449 2161 διειρύσαι,
492 2083 758 2162 ὀρυσσειν
799 2086 1015 2158 ἐκέλευε
1063 2083 1305 2162 διώρυχα
1348 2086 1421 2162 τῇ
1470 2083 1756 2163 θαλάσσῃ,

156 2170 318 2248 εὖρος
353 2171 429 2235 ὥς
465 2171 563 2231 δύο
603 2172 859 2251 τριήρεας
889 2174 1083 2233 πλέειν
1119 2172 1263 2249 ὁμοῦ
1301 2173 1755 2251 ἐλαστρευμένας.

152 2262 311 2319 τοῖσι
337 2259 400 2318 δὲ
426 2258 652 2320 αὐτοῖσι
675 2259 943 2332 τούτοισι,
974 2261 1133 2321 τοῖσί
1158 2286 1265 2338 περ
1298 2262 1391 2320 καὶ
1421 2260 1490 2322 τὸ
1522 2260 1757 2343 ὄρυγμα,

154 2347 577 2424 προσετέτακτο
614 2348 708 2407 καὶ
738 2346 839 2407 τᾶν
865 2347 1159 2425 Στρυμόνα
1190 2347 1448 2426 ποταμὸν
1480 2348 1773 2419 ζεύξαντας

154 2438 509 2515 γεφυρῶσαι.

237 2525 432 2582 Ταῦτα
455 2521 561 2599 μέν
585 2543 682 2584 νυν
708 2521 850 2583 οὕτω
871 2524 1068 2583 ἐποίεε·
1109 2522 1562 2600 παρασκευάζετο
1589 2525 1650 2584 δὲ
1672 2525 1762 2584 καὶ
1779 2528 1853 2583 25

154 2608 314 2669 ὅπλα
359 2614 417 2674 ἐς
456 2609 559 2674 τοὶς
593 2610 845 2691 γεφύρας
877 2610 1136 2687 βύβλινά
1175 2637 1238 2670 τε
1282 2611 1373 2669 καὶ
1395 2612 1761 2684 λευκολίνου,

158 2696 428 2767 ἐπιτάξας
469 2698 686 2768 Φοίνιξί
723 2724 789 2758 τε·
829 2699 920 2759 καὶ
962 2699 1325 2781 Αἰγυπτίοισι
1368 2698 1459 2758 καὶ
1503 2701 1661 2761 σιτία
1693 2706 1764 2780 τῇ

156 2789 405 2864 στρατιῇ
446 2786 861 2863 καταβάλλειν,
891 2787 980 2848 ἵνα
1013 2786 1095 2864 μή
1140 2786 1390 2865 λιμήνειε
1431 2785 1471 2863 ἦ
1506 2790 1763 2866 στρατιή,

154 2874 298 2950 μηδὲ
322 2872 400 2933 τὰ
424 2872 699 2954 ὑποζύγια
728 2874 1069 2952 ἐλαυνόμενα
1090 2875 1183 2934 ἐπὶ
1206 2874 1312 2950 τήν
1334 2873 1608 2934 Ἑλλάδα·
1637 2874 1763 2933 οἴνα-

155 2961 474 3038 πυθόμενος
489 2975 491 2979 ‘
505 2961 566 3022 δὲ
604 2960 734 3025 τούς
758 2962 986 3041 χώρους,
1016 2962 1403 3039 καταβάλλειν
1430 2963 1648 3021 ἐκέλευε
1681 2962 1771 3019 ἵνα

157 3049 600 3125 ἐπιτηδειότατον
637 3050 738 3126 εἴη,
781 3051 963 3110 ἄλλον
1003 3048 1159 3128 ἄλλῃ
1198 3049 1517 3131 ἀγινέοντας
1556 3044 1767 3106 ὁλκάσι

153 3163 216 3197 τε
245 3138 345 3196 καὶ
369 3137 741 3214 πορθμηίοισι
773 3144 832 3197 ἐκ
863 3141 967 3214 τῆς
991 3137 1191 3213 Ἀσίης
1215 3133 1585 3212 πανταχόθεν.
1667 3130 1768 3191 τὸν

155 3224 217 3286 δὲ
255 3224 335 3286 ὧν
371 3228 649 3285 πλεῖστον
688 3230 744 3288 ἐς
784 3224 1004 3300 Λευκὴν
1035 3224 1245 3300 Ἀκτὴν
1289 3219 1630 3295 καλεομένην
1667 3221 1769 3293 τῆς

172 3310 341 3360 ῙῙ.-Ῑ
354 3311 376 3354 l
