2100 3409
314 60 379 108 86
940 58 1307 109 ἨΡΟΔΟΤΟΤ
1790 55 1904 121 [VI.

313 137 488 215 μένην
522 135 556 198 ὅ
588 135 880 214 Ἀρίστων,
921 138 1094 214 ἔμαθε
1130 136 1204 202 ὥς
1240 139 1392 199 θεῖον
1424 136 1512 213 εἴη
1550 134 1620 196 τό
1665 138 1902 217 πρῆγμα.

316 227 408 286 καὶ
446 230 612 287 τοῦτο
642 229 747 303 μὲν
782 228 836 285 οἶ
868 226 1146 301 στέφανοι
1186 225 1478 301 ἐφάνησαν
1508 223 1692 288 ἐόντες
1722 229 1781 284 ἐκ
1815 226 1906 284 τοῦ

314 315 517 392 ἡρωίου
540 318 642 375 τοῦ
677 315 831 391 παρὰ
855 317 995 393 τῇσι
1023 313 1229 392 θύρῃσι
1255 317 1391 392 τῇσι
1416 312 1679 391 αὐλείῃσι
1707 312 1905 389 ἱδρυμέ-

314 429 429 463 νου·
460 403 550 483 (τὸ
579 404 847 461 καλέουσι
864 401 1314 481 Ἀστραβάκουὴ
1340 404 1505 461 τοῦτο
1525 400 1593 460 δὲ
1615 403 1674 460 οἱ
1696 400 1904 477 μάντιες

316 492 416 551 τόν
449 490 617 549 αὐτὰν
652 494 852 549 τοῦτον
887 488 1040 565 ἥρωα
1066 489 1321 566 ἀναίρεον
1348 488 1504 548 εἶναι.
1588 487 1733 548 οὕτω
1757 487 1841 564 δή,
1867 487 1902 545 ὦ

314 582 434 646 παῖ,
463 579 605 655 ἔχεις
635 580 748 635 πᾶν
774 576 914 637 ὅσον
939 603 995 636 τι
1022 578 1115 635 καὶ
1139 575 1381 652 βούλεαι
1405 577 1706 637 πυθέσθαι·
1742 574 1780 652 ἦ
1802 574 1900 656 γάρ

322 670 382 723 ἐκ
406 668 506 724 τοῦ
535 663 710 740 ἥρωος
734 664 933 724 τούτου
956 666 1194 746 γέγονας
1213 665 1311 723 καί
1322 689 1413 724 τοι
1430 663 1618 740 πατήρ
1640 668 1762 725 ἐστι
1776 663 1897 723 Ἀσ-

319 752 605 830 τράβακος
636 752 669 811 ὁ
707 752 864 829 ἥρως,
903 749 940 828 ἦ
971 751 1267 829 Ἀρίστων·
1309 756 1367 811 ἐν
1401 750 1512 831 γάρ
1550 777 1621 810 σε
1656 755 1728 830 τῇ
1760 751 1897 812 νυκτὶ

315 840 492 918 ταύτῃ
519 839 862 916 ἀναιρέομαι.
930 844 1002 918 τῇ
1029 841 1094 899 δέ
1117 865 1219 898 σευ
1250 838 1507 916 μάλιστα
1543 833 1896 899 κατάπτονται

317 931 372 987 οἱ
408 928 616 1006 ἐχθροὶ,
654 928 914 1008 λέγοντες
947 926 1017 991 ὦς
1048 926 1216 992 ‹nh-‹35-
1251 926 1284 987 ὁ
1315 926 1607 1003 Ἀρίστων,
1636 925 1729 987 ὅτε
1763 924 1894 1002 αὐτῷ

316 1015 391 1075 σι)
443 1014 728 1096 ἠγγέλθης
765 1016 1178 1096 γέγεννημένος,
1220 1018 1456 1074 πολλῶν
1494 1012 1801 1075 ἀκουόντων
1837 1012 1892 1071 οὗ

277 1159 285 1165 .
321 1103 528 1179 φήσειέ
583 1129 653 1163 σε
710 1106 910 1163 ἑωυτοῦ
968 1098 1124 1172 εἶνοῖ,
1168 1101 1289 1182 (τᾶν
1332 1101 1541 1181 χρόνον
1595 1102 1721 1181 γὰρ,
1780 1101 1893 1161 τούς

317 1191 450 1253 δέκα
485 1195 680 1268 μῆνας,
718 1190 847 1250 οὐδέ
881 1217 957 1250 κω
995 1190 1247 1269 ἐξήκειν,)
1275 1189 1494 1268 ἀϊδρηΐῃ
1519 1191 1631 1250 τῶν
1655 1188 1893 1249 τοιούτων

319 1284 494 1342 κεῖνος
516 1283 684 1339 τοῦτο
711 1277 982 1355 ἀπέρριψε
998 1277 1067 1338 τὰ
1089 1279 1237 1342 ἔπος·
1261 1278 1516 1337 τίκτουσι
1533 1276 1645 1358 γοὶρ
1663 1280 1893 1357 γυναῖκες

320 1367 433 1430 καὶ,
460 1366 762 1441 ἐννεάμηνα
814 1367 906 1424 καὶ
952 1365 1259 1442 ἑπτάμηνα,
1310 1366 1402 1424 καὶ
1446 1363 1511 1424 οὖ
1553 1368 1736 1423 πᾶσαι
1778 1363 1893 1423 δέκα

318 1458 498 1530 μῆνας
546 1452 938 1512 ἐκτελέσασαι·
982 1452 1090 1533 ἐγῶ
1122 1453 1181 1512 δέ
1224 1456 1312 1523 σὲ,
1355 1451 1398 1512 ὦ
1438 1456 1558 1521 παῖ,
1598 1450 1892 1527 ἑπτάμηνον

319 1541 523 1601 ἔτεκον·
550 1541 688 1621 ἔγνω
708 1540 767 1599 δὲ
787 1541 880 1600 καὶ
899 1539 1064 1604 αὐτὸς
1083 1540 1115 1601 ὁ
1134 1540 1412 1618 Ἀρίστων
1438 1538 1504 1600 οὖ
1529 1539 1675 1616 μετὰ
1691 1537 1892 1598 πολλὰν

318 1628 539 1707 χρόνον,
567 1628 639 1691 (εἷς
661 1627 821 1707 ἀνοίῃ
846 1628 911 1689 τό
941 1629 1070 1692 ἔπος
1108 1629 1349 1705 ἐκβάλοι
1378 1632 1564 1690 τοῦτο.
1622 1626 1820 1708 λόγους
1842 1625 1892 1683 δὲ

320 1714 532 1781 ἄλλους
555 1718 684 1795 περὶ
708 1716 958 1799 γενέσιος
982 1721 1084 1793 τῆς
1111 1721 1355 1776 σεωυτοῦ
1381 1716 1462 1793 μή
1491 1713 1666 1775 δέκεο·
1707 1714 1776 1774 τὰ
1798 1713 1893 1794 γὰρ

320 1803 683 1880 ἀληθέστατα
707 1804 892 1865 πάντα
917 1804 1181 1881 ἀκήκοας,
1239 1808 1301 1871 ἐκ
1328 1805 1387 1863 δὲ
1413 1803 1749 1881 ὀνοφορβῶν
1766 1800 1896 1879 αὐτῷ

322 1918 385 1953 τε
422 1894 734 1973 Λευτυχίδῃ
775 1894 868 1952 καὶ
906 1897 1063 1953 τοῖσι
1099 1896 1277 1952 ταῦτα
1316 1892 1552 1973 λέγουσι
1579 1893 1812 1952 τίκτοιεν
1845 1891 1928 1950 αἶ.

226 1983 302 2040 70
320 1987 572 2061 γυναῖκες
604 1980 856 2045 παῖδας.”
933 1980 1010 2038 Ἡ
1053 1983 1158 2056 μὲν
1204 1980 1273 2055 δὴ
1313 1985 1488 2039 ταῦτα
1541 1980 1719 2061 ἔλεγε·
1779 1976 1811 2038 ὁ
1846 1978 1896 2036 δὲ

320 2068 630 2144 πυθόμενός
663 2092 726 2127 τε
764 2066 837 2127 τοὶ
879 2068 1151 2143 ἐβούλετο
1187 2067 1279 2127 καὶ
1316 2068 1512 2127 ἐπόδια
1543 2067 1760 2143 λαβών,
1787 2071 1896 2126 ἐπο-
1971 2131 1976 2138 ,

323 2156 515 2232 ρεύετο
543 2161 597 2218 ἐς
609 2155 790 2213 Ἠλιν
809 2159 886 2233 τῷ
909 2155 1079 2237 λόγῳ,
1109 2156 1223 2231 φὰς
1248 2154 1320 2218 ὥς
1340 2161 1395 2220 ἐς
1422 2154 1689 2231 Δελφοῦς
1707 2151 1896 2234 χρησό-

321 2268 487 2320 μενος
500 2247 578 2321 τῷ
588 2244 910 2326 χρηστηρίῳ
924 2242 1234 2320 πορεύεται.
1260 2243 1692 2320 Λακεδαιμόνιοι
1706 2242 1766 2303 δὲ
1782 2243 1895 2302 ὕπο-

319 2329 652 2406 τοπηθέντες
680 2329 1020 2407 Δημάρητον
1055 2330 1287 2410 δρησμῷ
1311 2331 1653 2411 ἐπιχειρέειν,
1675 2331 1896 2391 ἐδίωκον·

322 2419 420 2484 καί
446 2442 550 2481 κως
582 2418 729 2493 ἔφθη
767 2423 822 2480 ἐς
857 2418 1140 2480 Ζάκυνθον
1175 2418 1380 2494 διαβὰς
1410 2417 1443 2478 ὁ
1485 2417 1817 2496 Δημάρητος
1845 2421 1897 2475 ἐκ

324 2505 689 2581 τῆςἭλιδος·
712 2504 1096 2581 ἐπιδιαβάντες
1122 2506 1182 2566 δὲ
1208 2509 1261 2565 οἱ
1281 2505 1727 2582 Λακεδαιμόνιοι,
1748 2505 1896 2565 αὐτοῦ

324 2618 388 2652 τε
412 2592 652 2654 ἅπτοντο
694 2595 786 2652 καὶ
817 2592 947 2655 τούς
979 2593 1322 2671 θεράποντας
1354 2593 1525 2653 αὖτόν
1565 2592 1896 2672 ἀπαιρέοντο·

320 2682 463 2757 μετοὶ
500 2682 576 2752 δὲ,
604 2680 669 2741 οὖ
695 2681 805 2762 γάρ
844 2680 1162 2750 ἐξεδίδοσαν
1193 2681 1361 2742 αὐτὸν
1394 2684 1448 2741 οἱ
1484 2681 1792 2751 Ζακύνθιοι,
1829 2684 1896 2738 ἐν·

299 2767 305 2771 ’
325 2770 514 2830 θεῧτεν
529 2770 804 2844 διαβαίνει
820 2773 874 2831 ἐς
887 2767 1204 2845 τῆνἈσίην
1219 2768 1374 2845 παρὰ
1387 2769 1644 2845 βασιλέα
1661 2771 1897 2846 Δαρεῖον·

322 2856 356 2916 ὁ
384 2857 443 2916 δὲ
468 2856 768 2925 ὑπεδέξατό
792 2882 854 2915 τε
881 2854 1048 2916 αὐτὸν
1082 2859 1424 2936 μεγαλωστὶ,
1463 2858 1555 2917 καὶ
1591 2862 1703 2939 γῆν
1736 2882 1792 2918 τε
1822 2854 1899 2913 καὶ

321 2944 489 3008 πόλις
516 2945 694 3003 ἔδωκε.
734 2942 874 3003 οὕτω
894 2942 1122 3005 ἀπίκετο
1148 2948 1203 3007 ἐς
1226 2942 1331 3020 τήν
1353 2943 1559 3022 Ἀσίην
1586 2946 1900 3023 Δημάρητος

325 3033 417 3091 καὶ
454 3031 683 3109 τοιαύτῃ
722 3030 1078 3109 χρησάμενος
1107 3030 1268 3109 τύχῃ,
1304 3030 1460 3090 ἅλλα
1489 3058 1553 3093 τε
1577 3033 1898 3107 Λακεδαιμο·

323 3122 494 3181 νίοισι
512 3118 696 3198 συχνά
715 3118 933 3198 ἔργοισί
943 3143 1004 3176 τε
1026 3119 1118 3176 καὶ
1131 3117 1392 3198 γνώμῃσι
1411 3118 1902 3198 ἀπολαμπρυνθεὶς,

325 3212 385 3266 ἐν
419 3209 479 3268 δὲ
511 3208 580 3284 δὴ
616 3206 709 3265 καὶ
732 3203 1092 3282 Ὀλυμπιάδα
1128 3210 1240 3280 σφι
1270 3205 1607 3284 ἀνελόμενος
1635 3207 1904 3287 τεθρίππῳ
