2100 3409
328 88 424 138 336
931 84 1299 135 ἮΡοΔοτοτ
1783 84 1912 149 [IX.

318 171 374 229 ἐς
407 167 521 225 πᾶν
548 161 657 239 ἤδη
690 164 862 222 κακοῦ
892 160 1191 243 ἀπιγμένοι
1222 161 1391 238 ἦσαν,
1427 161 1573 222 οὕτω
1610 161 1759 222 ὥστε
1787 163 1915 227 τοῦς

315 253 507 314 τόνους
548 252 773 330 ἕψοντες
809 254 920 311 τῶν
960 252 1188 311 κλινέων
1230 251 1536 311 ἐσιτέοντο·
1590 252 1720 310 ἐπεί
1751 278 1814 312 τε
1856 253 1912 311 δὲ

318 341 443 401 οὐδὲ
479 344 655 400 ταῦτα
695 341 775 399 ἔτι
815 338 984 418 εἶχον,
1017 338 1159 398 οὕτω
1200 338 1269 414 δὴ
1302 338 1414 399 ὖπό
1453 339 1627 400 νύκτα
1667 339 1908 419 οἴχονται

317 428 653 505 ἀποδράντες
695 427 755 486 οἴ
789 452 852 486 τε
895 427 1119 503 Πέρσαι
1160 428 1253 486 καὶ
1295 426 1328 487 ὅ
1368 427 1715 504 Ἀρταΰκτης
1753 428 1842 487 καὶ
1875 426 1907 488 ὅ

322 516 617 593 Οἰόβαζος,
640 513 848 575 ὄπισθε
873 517 975 574 τοῦ
998 515 1212 594 τείχεος
1238 514 1584 590 καταβάντες
1608 520 1682 594 τῇ
1707 514 1776 591 ἦν
1794 521 1906 594 ἐρη-

315 603 560 680 μότατον
606 606 716 662 τῶν
762 604 1064 680 πολεμίων·
1130 602 1201 665 ὥς
1242 602 1301 661 δὲ
1341 602 1525 680 ἡμέρη
1573 604 1808 684 ἐγένετο,
1859 608 1905 664 οἱ

321 696 736 779 Χερσονησῖται
762 690 875 751 αἶπό
892 694 1003 751 τῶν
1019 690 1247 771 πύργων
1266 690 1552 769 ἐσήμηναν
1576 695 1735 751 τοῖσι
1751 689 1904 768 Ἀθη-

318 783 526 841 ναίοισι
548 808 616 841 το
641 780 871 861 γεγονὸς
898 803 991 838 και
1015 805 1118 842 τας
1141 780 1324 842 πύλας
1356 778 1597 848 ἄνοιξαν·
1638 783 1754 839 τῶν
1777 780 1836 838 δὲ
1857 783 1908 838 οἱ

228 869 338 927 119
357 872 460 944 μὲν
493 873 725 931 πλεῦνες
769 867 1006 936 ἐδίωκον,
1036 893 1092 925 οι
1117 867 1178 925 δὲ
1202 892 1306 942 την
1329 866 1500 926 πόλιν
1527 866 1704 945 εἶχον.
1788 866 1906 927 Οἷό-

315 957 496 1031 βαζον
532 956 636 1031 μέν
667 981 764 1016 νυν
808 953 1122 1036 ἐκφυγόντα
1160 959 1215 1016 ἐς
1253 954 1356 1030 τὴν
1400 955 1647 1030 Θρηικην
1684 955 1906 1031 Θρήϊκες

314 1041 595 1121 Ἀψίνθιοι
645 1042 923 1118 λαβόντες
978 1042 1184 1103 ἔθυσαν
1242 1041 1588 1120 Πλειστώρῳ
1644 1044 1906 1122 ἐπιχωρίῳ

319 1131 440 1210 θεῷ,
465 1131 653 1212 τρόπῳ
677 1135 755 1210 τῷ
784 1131 1061 1210 σφετέρῳ·
1102 1130 1232 1193 τοῦς
1262 1130 1323 1189 δὲ
1357 1129 1476 1207 μετ’
1504 1130 1732 1200 ἐκείνου,
1758 1129 1906 1209 ἄλλᾳ

317 1219 505 1299 τρόπῳ
532 1218 858 1295 ἐφόνευσαν·
901 1220 956 1277 οἱ
994 1218 1055 1278 δὲ
1084 1217 1235 1295 ἀμφὶ
1264 1216 1362 1279 τόν
1387 1217 1736 1294 Ἀρταΰκτην
1758 1217 1907 1278 ὕστε-

320 1332 411 1384 ροι
436 1307 768 1385 ὁρμηθέντες
795 1306 1037 1388 φεύγειν,
1059 1306 1152 1365 καὶ
1179 1305 1249 1369 ὦς
1277 1305 1774 1381 κατελαμβάνοντο
1798 1304 1906 1366 ὀλί-

316 1419 410 1474 γοι
436 1394 614 1457 ἐόντες
647 1394 786 1470 ὖπέρ
822 1392 996 1474 Αῖγὸς
1035 1396 1328 1469 Ποταμῶν,
1359 1392 1692 1468 ἀλεξόμενοι
1716 1393 1908 1472 χρόνον

318 1480 409 1538 ἐπὶ
445 1479 669 1559 συχνὸν,
701 1484 755 1539 οἶ
785 1483 888 1558 μὲν
919 1479 1198 1541 ἀπέθανον
1226 1483 1279 1540 οἱ
1305 1480 1366 1539 δὲ
1391 1480 1587 1551 ζῶντες
1623 1481 1909 1557 ἐλάμφθη-

318 1591 447 1627 σαν·
490 1568 582 1627 καὶ
635 1567 1012 1643 συνδήσαντές
1048 1568 1328 1644 σφεαὒοῖ
1356 1567 1638 1643 ’Έλληνες
1681 1567 1822 1650 ἦγον
1853 1576 1906 1635 ἐς

318 1656 561 1733 Σηστόν·
612 1656 732 1733 μετ’
775 1657 954 1717 αὐτῶν
995 1657 1056 1716 δὲ
1095 1658 1187 1716 καὶ
1201 1654 1570 1764 Ἀρταΰκτην
1612 1655 1912 1733 δεδεμένον,

226 1745 341 1803 120
358 1743 524 1805 αὐτόν
547 1771 611 1806 τε
637 1745 730 1804 καὶ
747 1771 848 1805 τον
865 1744 1040 1804 παῖδα
1059 1743 1250 1804 αυτοῦ.
1306 1744 1429 1803 Καί
1440 1770 1544 1823 τεω
1561 1770 1674 1804 των
1695 1748 1913 1852 ‹bvkffa-

319 1857 531 1893 σοντων
570 1832 796 1913 λέγεται
832 1832 943 1893 ὕπο
992 1832 1471 1909 Χερσονησιτέων,
1512 1856 1775 1909 ταριχους
1816 1832 1913 1893 ὄπ·

316 1923 480 1979 τ’ὣντι
522 1921 684 1999 τέρας
725 1920 987 2001 γενέσθαι
1032 1920 1268 1980 τοιόνδε·
1322 1922 1377 1979 οἱ
1417 1917 1641 1997 τάριχοι
1695 1918 1790 1977 ἐπὶ
1842 1923 1916 1999 τῷ

316 2008 450 2084 πυρὶ
486 2009 724 2085 κείμενοι
761 2006 1078 2068 ἐπάλλοντό
1102 2033 1165 2067 τε
1191 2007 1285 2067 καὶ
1309 2006 1609 2083 ἤσπαιρον,
1635 2005 1779 2071 ὅκως
1812 2033 1917 2086 περ

321 2093 504 2173 ἰχθύες
529 2094 846 2156 νεοάλωτοι·
885 2096 977 2155 καὶ
1003 2098 1059 2154 οἱ
1083 2097 1187 2173 μὲν
1202 2095 1589 2174 περιχυθέντες
1616 2094 1920 2170 ἐθώμαζον·

318 2181 353 2241 ὅ
408 2182 468 2241 δὲ
517 2181 856 2260 Ἀρταυκτης
903 2183 974 2247 ὥς
1028 2182 1138 2242 εἶδε
1178 2208 1245 2242 το
1283 2183 1471 2258 τέρας,
1520 2181 1770 2245 καλέσας
1822 2183 1922 2243 τᾶν

319 2266 573 2329 ὀπτῶντα
607 2295 738 2332 τους
760 2294 1021 2347 ταριχους
1049 2271 1177 2346 ἔφη·
1222 2279 1256 2305 “
1274 2270 1415 2339 ξεῖνε
1438 2268 1720 2344 Ἀθηναῖε,
1746 2270 1924 2347 μηδὲν

322 2355 509 2430 φοβέο
555 2354 621 2413 τὸ
658 2355 819 2431 τέρας
858 2360 1045 2417 τοῦτο·
1106 2357 1171 2417 οὗ
1211 2383 1322 2437 γαρ
1359 2356 1456 2416 σοὶ
1492 2357 1734 2434 πέφηνε·
1788 2354 1922 2417 ἀλλ’

318 2442 443 2519 ἐμοὶ
489 2441 750 2520 σημαίνει
802 2470 833 2503 ο
890 2448 947 2504 ἐν
997 2444 1315 2504 Ἐλαιοῦντι
1368 2444 1790 2520 Πρωτεσίλεως,
1839 2442 1924 2504 ὄπ

325 2532 417 2590 καὶ
441 2527 671 2594 τεθνεως
696 2530 788 2590 καὶ
822 2530 1054 2610 τάριχος
1078 2531 1179 2592 ἐων
1206 2531 1437 2607 δύναμιν
1473 2557 1617 2608 προς
1642 2531 1784 2591 θεῶν
1813 2531 1926 2611 ἔχει

316 2617 418 2678 τὸν
442 2619 730 2680 ἀδικέοντα
754 2619 1024 2680 τίνεσθαι·
1053 2623 1153 2679 νῦν
1179 2646 1253 2680 ων
1279 2617 1484 2680 ἅποινά
1509 2645 1564 2679 οι
1585 2617 1724 2678 τάδε
1749 2619 1925 2681 ἐθέλω

324 2706 609 2765 ἐπιθεῖναι·
663 2705 788 2767 ἀντὶ
829 2709 933 2782 μὲν
966 2705 1269 2785 χρημάτων
1308 2710 1420 2767 τῶν
1460 2707 1677 2781 ἔλαβον
1719 2711 1781 2765 ἐκ
1825 2703 1925 2765 τοῦ

322 2793 461 2866 ἱροῦ,
504 2790 697 2851 ἐκατόν
736 2792 986 2853 τάλαντα
1034 2794 1351 2854 καταθεῖναι
1390 2797 1468 2872 τῷ
1515 2793 1640 2871 θεῷ·
1705 2792 1838 2852 ἀντὶ
1881 2789 1927 2851 δ’

322 2880 595 2953 ἐμεωυτοῦ
622 2877 713 2935 καὶ
737 2884 838 2937 τοῦ
864 2880 1060 2944 παιδὸς
1085 2879 1360 2939 ἀποδώσω
1386 2880 1636 2940 τάλαντα
1662 2879 1928 2955 διηκόσια

319 2959 685 3039 Ἀθηναίοισι,
747 2966 1219 3044 wepayevdpwos-J'
1299 2971 1477 3026 ταῦτα.
1522 2966 1926 3045 ὖπισχόμενος,

321 3048 421 3107 τόν
446 3049 763 3129 στρατηγόν
788 3052 1117 3112 Ξάνθιππον
1144 3079 1242 3112 ουκ
1270 3054 1470 3113 ἔπειθε·
1514 3057 1567 3112 οἱ
1591 3078 1709 3134 γαρ
1737 3053 1929 3112 Ἐλαι-

325 3133 507 3194 ούσιοι
530 3139 607 3213 τῷ
634 3136 1007 3215 Πρωτεσίλεω
1023 3140 1384 3216 τιμωρέοντες
1403 3140 1621 3200 ἐδέοντό
1638 3165 1744 3216 μιν
1763 3164 1929 3201 κατα·

323 3220 654 3295 χρησθῆναι,
691 3221 785 3279 καὶ
823 3219 992 3282 αὐτοῦ
1030 3228 1133 3285 τοῦ
1172 3231 1495 3308 στρατηγοῦ
1523 3225 1703 3305 ταύτῃ
1737 3225 1774 3289 ὅ
1801 3225 1933 3293 νόος
