<?xml version="1.0" encoding="UTF-8"?>
<!DOCTYPE html PUBLIC "-//W3C//DTD XHTML 1.0 Transitional//EN"
    "http://www.w3.org/TR/xhtml1/DTD/xhtml1-transitional.dtd">
<html xmlns="http://www.w3.org/1999/xhtml" xml:lang="en" lang="en">
 <head>
  <title>
</title>
<meta http-equiv="Content-Type" content="text/html;charset=utf-8" />
  <meta name='ocr-system' content='tesseract 3.04.00' />
  <meta name='ocr-capabilities' content='ocr_page ocr_carea ocr_par ocr_line ocrx_word'/>
</head>
<body>
  <div class='ocr_page' id='page_1' title='image "./herodotus00unkngoog/herodotus00unkngoog_0053.png"; bbox 0 0 2100 3409; ppageno 0'>
   <div class='ocr_carea' id='block_1_1' title="bbox 164 71 1886 3305">
    <p class='ocr_par' dir='ltr' id='par_1_1' title="bbox 184 71 1804 936">
     <span class='ocr_line' id='line_1_1' title="bbox 192 71 1800 137; baseline 0.004 -15"><span class='ocrx_word' id='word_1_1' title='bbox 192 71 421 137; x_wconf 67' lang='grc' dir='ltr'>εει-92]</span> <span class='ocrx_word' id='word_1_2' title='bbox 803 71 1213 127; x_wconf 64' lang='grc' dir='ltr'>ΦΕΡΨῙΧΟΡΗ.</span> <span class='ocrx_word' id='word_1_3' title='bbox 1738 79 1800 128; x_wconf 77' lang='lat'>41</span> 
     </span>
     <span class='ocr_line' id='line_1_2' title="bbox 190 151 1804 231; baseline 0.004 -20"><span class='ocrx_word' id='word_1_4' title='bbox 190 154 450 230; x_wconf 81' lang='grc' dir='ltr'>ὕβρίσας</span> <span class='ocrx_word' id='word_1_5' title='bbox 491 151 749 230; x_wconf 71' lang='grc' dir='ltr'>ἐξέβαλε,</span> <span class='ocrx_word' id='word_1_6' title='bbox 777 152 945 223; x_wconf 80' lang='grc' dir='ltr'>δόξαν</span> <span class='ocrx_word' id='word_1_7' title='bbox 979 155 1040 215; x_wconf 83' lang='grc' dir='ltr'>δὲ</span> <span class='ocrx_word' id='word_1_8' title='bbox 1081 153 1273 231; x_wconf 81' lang='grc' dir='ltr'>φύσας</span> <span class='ocrx_word' id='word_1_9' title='bbox 1305 151 1615 225; x_wconf 70' lang='grc' dir='ltr'>αὖξάνεται·</span> <span class='ocrx_word' id='word_1_10' title='bbox 1653 155 1804 217; x_wconf 79' lang='grc' dir='ltr'>ὥστε</span> 
     </span>
     <span class='ocr_line' id='line_1_3' title="bbox 191 240 1801 320; baseline 0.002 -20"><span class='ocrx_word' id='word_1_11' title='bbox 191 240 625 318; x_wconf 76' lang='grc' dir='ltr'>ἐκμεμαθήκασι</span> <span class='ocrx_word' id='word_1_12' title='bbox 643 241 907 320; x_wconf 81' lang='grc' dir='ltr'>μάλιστα</span> <span class='ocrx_word' id='word_1_13' title='bbox 930 246 1035 320; x_wconf 81' lang='grc' dir='ltr'>μὲν</span> <span class='ocrx_word' id='word_1_14' title='bbox 1062 246 1115 302; x_wconf 80' lang='grc' dir='ltr'>οἱ</span> <span class='ocrx_word' id='word_1_15' title='bbox 1140 245 1411 320; x_wconf 84' lang='grc' dir='ltr'>περίοικοι</span> <span class='ocrx_word' id='word_1_16' title='bbox 1438 241 1616 302; x_wconf 70' lang='grc' dir='ltr'>αὐτῶν</span> <span class='ocrx_word' id='word_1_17' title='bbox 1631 250 1801 303; x_wconf 86' lang='grc' dir='ltr'>Βοιω-</span> 
     </span>
     <span class='ocr_line' id='line_1_4' title="bbox 189 330 1798 410; baseline 0.001 -20"><span class='ocrx_word' id='word_1_18' title='bbox 189 331 287 390; x_wconf 83' lang='grc' dir='ltr'>τοὶ</span> <span class='ocrx_word' id='word_1_19' title='bbox 313 331 407 389; x_wconf 85' lang='grc' dir='ltr'>καὶ</span> <span class='ocrx_word' id='word_1_20' title='bbox 431 330 758 399; x_wconf 78' lang='grc' dir='ltr'>Χαλκιδέες,</span> <span class='ocrx_word' id='word_1_21' title='bbox 784 330 934 410; x_wconf 95' lang='grc' dir='ltr'>τάχα</span> <span class='ocrx_word' id='word_1_22' title='bbox 960 331 1024 391; x_wconf 78' lang='grc' dir='ltr'>δέ</span> <span class='ocrx_word' id='word_1_23' title='bbox 1054 357 1139 395; x_wconf 91' lang='grc' dir='ltr'>τις</span> <span class='ocrx_word' id='word_1_24' title='bbox 1164 332 1258 389; x_wconf 86' lang='grc' dir='ltr'>καὶ</span> <span class='ocrx_word' id='word_1_25' title='bbox 1283 330 1463 393; x_wconf 77' lang='grc' dir='ltr'>ἄλλος</span> <span class='ocrx_word' id='word_1_26' title='bbox 1489 331 1798 407; x_wconf 79' lang='grc' dir='ltr'>ἐκμαθήσε-</span> 
     </span>
     <span class='ocr_line' id='line_1_5' title="bbox 188 416 1799 496; baseline 0.001 -19"><span class='ocrx_word' id='word_1_27' title='bbox 188 444 291 477; x_wconf 89' lang='grc' dir='ltr'>ται</span> <span class='ocrx_word' id='word_1_28' title='bbox 325 416 609 495; x_wconf 69' lang='grc' dir='ltr'>ἁμαρτών.</span> <span class='ocrx_word' id='word_1_29' title='bbox 663 418 789 477; x_wconf 80' lang='grc' dir='ltr'>ἐπεί</span> <span class='ocrx_word' id='word_1_30' title='bbox 806 435 870 478; x_wconf 82' lang='grc' dir='ltr'>τε</span> <span class='ocrx_word' id='word_1_31' title='bbox 896 418 956 478; x_wconf 74' lang='grc' dir='ltr'>δὲ</span> <span class='ocrx_word' id='word_1_32' title='bbox 982 422 1165 480; x_wconf 76' lang='grc' dir='ltr'>ἐκεῖνα</span> <span class='ocrx_word' id='word_1_33' title='bbox 1189 417 1528 495; x_wconf 77' lang='grc' dir='ltr'>ποιήσαντες</span> <span class='ocrx_word' id='word_1_34' title='bbox 1552 417 1799 496; x_wconf 72' lang='grc' dir='ltr'>ἡμάρτο-</span> 
     </span>
     <span class='ocr_line' id='line_1_6' title="bbox 187 505 1801 585; baseline -0.001 -19"><span class='ocrx_word' id='word_1_35' title='bbox 187 531 314 583; x_wconf 82' lang='grc' dir='ltr'>μεν,</span> <span class='ocrx_word' id='word_1_36' title='bbox 357 510 457 566; x_wconf 84' lang='grc' dir='ltr'>νῦν</span> <span class='ocrx_word' id='word_1_37' title='bbox 500 505 889 583; x_wconf 87' lang='grc' dir='ltr'>πειρησόμεθά</span> <span class='ocrx_word' id='word_1_38' title='bbox 935 513 1122 583; x_wconf 87' lang='grc' dir='ltr'>σφεας</span> <span class='ocrx_word' id='word_1_39' title='bbox 1168 506 1285 585; x_wconf 79' lang='grc' dir='ltr'>ἅμα</span> <span class='ocrx_word' id='word_1_40' title='bbox 1335 505 1466 584; x_wconf 66' lang='grc' dir='ltr'>ὑμῖν</span> <span class='ocrx_word' id='word_1_41' title='bbox 1509 506 1801 583; x_wconf 78' lang='grc' dir='ltr'>ἀκεόμενοι</span> 
     </span>
     <span class='ocr_line' id='line_1_7' title="bbox 189 593 1798 675; baseline 0.002 -23"><span class='ocrx_word' id='word_1_42' title='bbox 189 594 488 654; x_wconf 79' lang='grc' dir='ltr'>τίσασθαι·</span> <span class='ocrx_word' id='word_1_43' title='bbox 531 593 706 653; x_wconf 73' lang='grc' dir='ltr'>αὐτοῦ</span> <span class='ocrx_word' id='word_1_44' title='bbox 745 593 857 675; x_wconf 79' lang='grc' dir='ltr'>γοῖρ</span> <span class='ocrx_word' id='word_1_45' title='bbox 904 594 1112 655; x_wconf 74' lang='grc' dir='ltr'>τούτου</span> <span class='ocrx_word' id='word_1_46' title='bbox 1154 595 1354 655; x_wconf 83' lang='grc' dir='ltr'>εἵνεκεν</span> <span class='ocrx_word' id='word_1_47' title='bbox 1396 594 1555 655; x_wconf 80' lang='grc' dir='ltr'>τόνδε</span> <span class='ocrx_word' id='word_1_48' title='bbox 1594 620 1659 655; x_wconf 92' lang='grc' dir='ltr'>τε</span> <span class='ocrx_word' id='word_1_49' title='bbox 1699 594 1798 655; x_wconf 76' lang='grc' dir='ltr'>τᾶν</span> 
     </span>
     <span class='ocr_line' id='line_1_8' title="bbox 186 678 1793 761; baseline 0.001 -21"><span class='ocrx_word' id='word_1_50' title='bbox 186 678 416 758; x_wconf 77' lang='grc' dir='ltr'>Ἱππίην</span> <span class='ocrx_word' id='word_1_51' title='bbox 441 681 938 761; x_wconf 76' lang='grc' dir='ltr'>μετεπεμψάμεθα,</span> <span class='ocrx_word' id='word_1_52' title='bbox 967 683 1061 741; x_wconf 81' lang='grc' dir='ltr'>καὶ</span> <span class='ocrx_word' id='word_1_53' title='bbox 1088 683 1261 760; x_wconf 53' lang='lat' dir='ltr'>§pias</span> <span class='ocrx_word' id='word_1_54' title='bbox 1285 682 1398 743; x_wconf 78' lang='grc' dir='ltr'>άπό</span> <span class='ocrx_word' id='word_1_55' title='bbox 1428 687 1544 743; x_wconf 73' lang='grc' dir='ltr'>τῶν</span> <span class='ocrx_word' id='word_1_56' title='bbox 1564 683 1793 756; x_wconf 86' lang='grc' dir='ltr'>πολίων,</span> 
     </span>
     <span class='ocr_line' id='line_1_9' title="bbox 189 768 1795 852; baseline 0.001 -24"><span class='ocrx_word' id='word_1_57' title='bbox 189 768 283 828; x_wconf 82' lang='grc' dir='ltr'>ἴνα</span> <span class='ocrx_word' id='word_1_58' title='bbox 307 775 475 850; x_wconf 76' lang='grc' dir='ltr'>κοινῷ</span> <span class='ocrx_word' id='word_1_59' title='bbox 497 796 562 831; x_wconf 89' lang='grc' dir='ltr'>τε</span> <span class='ocrx_word' id='word_1_60' title='bbox 586 770 742 852; x_wconf 74' lang='grc' dir='ltr'>λόγῳ</span> <span class='ocrx_word' id='word_1_61' title='bbox 768 771 862 829; x_wconf 83' lang='grc' dir='ltr'>καὶ</span> <span class='ocrx_word' id='word_1_62' title='bbox 888 775 1049 850; x_wconf 74' lang='grc' dir='ltr'>κοινῷ</span> <span class='ocrx_word' id='word_1_63' title='bbox 1076 772 1266 851; x_wconf 78' lang='grc' dir='ltr'>στόλῳ</span> <span class='ocrx_word' id='word_1_64' title='bbox 1294 771 1665 852; x_wconf 79' lang='grc' dir='ltr'>ἐσαγαγόντες</span> <span class='ocrx_word' id='word_1_65' title='bbox 1701 768 1795 830; x_wconf 77' lang='grc' dir='ltr'>αὖ·</span> 
     </span>
     <span class='ocr_line' id='line_1_10' title="bbox 184 856 1729 936; baseline 0 -19"><span class='ocrx_word' id='word_1_66' title='bbox 184 857 291 917; x_wconf 79' lang='grc' dir='ltr'>τδν</span> <span class='ocrx_word' id='word_1_67' title='bbox 315 864 373 922; x_wconf 77' lang='grc' dir='ltr'>ἐς</span> <span class='ocrx_word' id='word_1_68' title='bbox 398 858 502 922; x_wconf 81' lang='grc' dir='ltr'>τοὶς</span> <span class='ocrx_word' id='word_1_69' title='bbox 525 857 767 934; x_wconf 84' lang='grc' dir='ltr'>Ἀθήνας</span> <span class='ocrx_word' id='word_1_70' title='bbox 793 857 1086 936; x_wconf 72' lang='grc' dir='ltr'>ἀποδῶμεν</span> <span class='ocrx_word' id='word_1_71' title='bbox 1112 858 1183 919; x_wconf 69' lang='grc' dir='ltr'>τσῖ</span> <span class='ocrx_word' id='word_1_72' title='bbox 1211 860 1303 918; x_wconf 86' lang='grc' dir='ltr'>καὶ</span> <span class='ocrx_word' id='word_1_73' title='bbox 1330 856 1729 936; x_wconf 76' lang='grc' dir='ltr'>ἅπειλόμεθα.”</span> 
     </span>
    </p>

    <p class='ocr_par' dir='ltr' id='par_1_2' title="bbox 183 945 1886 1201">
     <span class='ocr_line' id='line_1_11' title="bbox 274 945 1886 1028; baseline 0.002 -24"><span class='ocrx_word' id='word_1_74' title='bbox 274 949 350 1005; x_wconf 80' lang='grc' dir='ltr'>Οἱ</span> <span class='ocrx_word' id='word_1_75' title='bbox 372 949 480 1023; x_wconf 77' lang='grc' dir='ltr'>μὲν</span> <span class='ocrx_word' id='word_1_76' title='bbox 504 950 679 1006; x_wconf 80' lang='grc' dir='ltr'>ταῦτα</span> <span class='ocrx_word' id='word_1_77' title='bbox 705 946 921 1028; x_wconf 76' lang='grc' dir='ltr'>ἔλεγον·</span> <span class='ocrx_word' id='word_1_78' title='bbox 960 951 1072 1008; x_wconf 73' lang='grc' dir='ltr'>τῶν</span> <span class='ocrx_word' id='word_1_79' title='bbox 1098 947 1159 1006; x_wconf 79' lang='grc' dir='ltr'>δὲ</span> <span class='ocrx_word' id='word_1_80' title='bbox 1184 946 1498 1026; x_wconf 85' lang='grc' dir='ltr'>συμμάχων</span> <span class='ocrx_word' id='word_1_81' title='bbox 1536 945 1603 1006; x_wconf 65' lang='lat' dir='ltr'>vd</span> <span class='ocrx_word' id='word_1_82' title='bbox 1644 949 1788 1022; x_wconf 85' lang='grc' dir='ltr'>πλῆ-</span> <span class='ocrx_word' id='word_1_83' title='bbox 1812 946 1886 1009; x_wconf 74' lang='grc'>92</span> 
     </span>
     <span class='ocr_line' id='line_1_12' title="bbox 185 1032 1789 1115; baseline -0.001 -22"><span class='ocrx_word' id='word_1_84' title='bbox 185 1034 287 1096; x_wconf 91' lang='grc' dir='ltr'>θος</span> <span class='ocrx_word' id='word_1_85' title='bbox 322 1033 425 1093; x_wconf 74' lang='grc' dir='ltr'>οὐκ</span> <span class='ocrx_word' id='word_1_86' title='bbox 460 1033 733 1094; x_wconf 78' lang='grc' dir='ltr'>ἐνεδέκετο</span> <span class='ocrx_word' id='word_1_87' title='bbox 773 1032 906 1097; x_wconf 71' lang='grc' dir='ltr'>τούς</span> <span class='ocrx_word' id='word_1_88' title='bbox 945 1033 1174 1115; x_wconf 78' lang='grc' dir='ltr'>λόγους.</span> <span class='ocrx_word' id='word_1_89' title='bbox 1255 1038 1310 1094; x_wconf 79' lang='grc' dir='ltr'>οἱ</span> <span class='ocrx_word' id='word_1_90' title='bbox 1345 1035 1449 1111; x_wconf 81' lang='grc' dir='ltr'>μέν</span> <span class='ocrx_word' id='word_1_91' title='bbox 1489 1060 1586 1095; x_wconf 87' lang='grc' dir='ltr'>νυν</span> <span class='ocrx_word' id='word_1_92' title='bbox 1617 1033 1789 1093; x_wconf 79' lang='grc' dir='ltr'>ἄλλοι</span> 
     </span>
     <span class='ocr_line' id='line_1_13' title="bbox 183 1119 1733 1201; baseline 0.001 -22"><span class='ocrx_word' id='word_1_93' title='bbox 183 1119 434 1200; x_wconf 78' lang='grc' dir='ltr'>ἡσυχίην</span> <span class='ocrx_word' id='word_1_94' title='bbox 457 1120 617 1201; x_wconf 84' lang='grc' dir='ltr'>ἦγον,</span> <span class='ocrx_word' id='word_1_95' title='bbox 646 1120 943 1199; x_wconf 83' lang='grc' dir='ltr'>Κορίνθιος</span> <span class='ocrx_word' id='word_1_96' title='bbox 968 1122 1028 1180; x_wconf 78' lang='grc' dir='ltr'>δὲ</span> <span class='ocrx_word' id='word_1_97' title='bbox 1056 1124 1379 1197; x_wconf 81' lang='grc' dir='ltr'>Σωσικλέης</span> <span class='ocrx_word' id='word_1_98' title='bbox 1406 1122 1559 1191; x_wconf 80' lang='grc' dir='ltr'>ἔλεξε</span> <span class='ocrx_word' id='word_1_99' title='bbox 1584 1121 1733 1181; x_wconf 75' lang='grc' dir='ltr'>τάδε.</span> 
     </span>
    </p>

    <p class='ocr_par' dir='ltr' id='par_1_3' title="bbox 173 1207 1788 2606">
     <span class='ocr_line' id='line_1_14' title="bbox 267 1207 1787 1289; baseline -0.001 -21"><span class='ocrx_word' id='word_1_100' title='bbox 267 1208 401 1268; x_wconf 81' lang='grc' dir='ltr'>“Ἠ</span> <span class='ocrx_word' id='word_1_101' title='bbox 429 1209 498 1285; x_wconf 76' lang='grc' dir='ltr'>δή</span> <span class='ocrx_word' id='word_1_102' title='bbox 527 1207 559 1269; x_wconf 84' lang='grc' dir='ltr'><strong>ὅ</strong></span> <span class='ocrx_word' id='word_1_103' title='bbox 584 1233 647 1268; x_wconf 88' lang='grc' dir='ltr'>τε</span> <span class='ocrx_word' id='word_1_104' title='bbox 679 1208 907 1286; x_wconf 81' lang='grc' dir='ltr'>οὖρανός</span> <span class='ocrx_word' id='word_1_105' title='bbox 934 1210 1095 1268; x_wconf 82' lang='grc' dir='ltr'>ἔσται</span> <span class='ocrx_word' id='word_1_106' title='bbox 1122 1209 1305 1286; x_wconf 79' lang='grc' dir='ltr'>ἔνερθε</span> <span class='ocrx_word' id='word_1_107' title='bbox 1328 1213 1429 1284; x_wconf 83' lang='grc' dir='ltr'>τῆς</span> <span class='ocrx_word' id='word_1_108' title='bbox 1449 1212 1575 1289; x_wconf 63' lang='grc' dir='ltr'>ογῆς</span> <span class='ocrx_word' id='word_1_109' title='bbox 1614 1209 1706 1266; x_wconf 87' lang='grc' dir='ltr'>καὶ</span> <span class='ocrx_word' id='word_1_110' title='bbox 1747 1208 1787 1284; x_wconf 81' lang='grc' dir='ltr'><em>ἦ</em></span> 
     </span>
     <span class='ocr_line' id='line_1_15' title="bbox 181 1292 1788 1377; baseline -0.001 -21"><span class='ocrx_word' id='word_1_111' title='bbox 181 1298 261 1377; x_wconf 77' lang='grc' dir='ltr'>γῆ</span> <span class='ocrx_word' id='word_1_112' title='bbox 299 1298 577 1374; x_wconf 78' lang='grc' dir='ltr'>μετέωρος</span> <span class='ocrx_word' id='word_1_113' title='bbox 602 1296 742 1373; x_wconf 79' lang='grc' dir='ltr'>ὖπὲρ</span> <span class='ocrx_word' id='word_1_114' title='bbox 768 1300 869 1357; x_wconf 83' lang='grc' dir='ltr'>τοῦ</span> <span class='ocrx_word' id='word_1_115' title='bbox 897 1295 1149 1374; x_wconf 76' lang='grc' dir='ltr'>οὐρανοῦ,</span> <span class='ocrx_word' id='word_1_116' title='bbox 1180 1297 1275 1356; x_wconf 85' lang='grc' dir='ltr'>καὶ</span> <span class='ocrx_word' id='word_1_117' title='bbox 1302 1299 1355 1356; x_wconf 82' lang='grc' dir='ltr'>οἶ</span> <span class='ocrx_word' id='word_1_118' title='bbox 1381 1292 1661 1373; x_wconf 80' lang='grc' dir='ltr'>ἅνθρωποι</span> <span class='ocrx_word' id='word_1_119' title='bbox 1701 1322 1788 1356; x_wconf 91' lang='grc' dir='ltr'>νο-</span> 
     </span>
     <span class='ocr_line' id='line_1_16' title="bbox 180 1382 1788 1464; baseline 0.001 -22"><span class='ocrx_word' id='word_1_120' title='bbox 180 1383 295 1458; x_wconf 83' lang='grc' dir='ltr'>μόν</span> <span class='ocrx_word' id='word_1_121' title='bbox 323 1388 382 1443; x_wconf 76' lang='grc' dir='ltr'>ἓν</span> <span class='ocrx_word' id='word_1_122' title='bbox 408 1383 682 1462; x_wconf 76' lang='grc' dir='ltr'>θαλάσσῃ</span> <span class='ocrx_word' id='word_1_123' title='bbox 709 1385 901 1454; x_wconf 75' lang='grc' dir='ltr'>ἕξουσι</span> <span class='ocrx_word' id='word_1_124' title='bbox 937 1386 1030 1443; x_wconf 82' lang='grc' dir='ltr'>καὶ</span> <span class='ocrx_word' id='word_1_125' title='bbox 1066 1387 1121 1445; x_wconf 80' lang='grc' dir='ltr'>οἱ</span> <span class='ocrx_word' id='word_1_126' title='bbox 1159 1383 1344 1464; x_wconf 73' lang='grc' dir='ltr'>ἰχθύες</span> <span class='ocrx_word' id='word_1_127' title='bbox 1381 1383 1481 1445; x_wconf 76' lang='grc' dir='ltr'>τᾶν</span> <span class='ocrx_word' id='word_1_128' title='bbox 1516 1382 1788 1462; x_wconf 84' lang='grc' dir='ltr'>πρότερον</span> 
     </span>
     <span class='ocr_line' id='line_1_17' title="bbox 183 1470 1787 1552; baseline 0.001 -23"><span class='ocrx_word' id='word_1_129' title='bbox 183 1470 485 1548; x_wconf 79' lang='grc' dir='ltr'>ἅνθρωποι,</span> <span class='ocrx_word' id='word_1_130' title='bbox 529 1470 624 1532; x_wconf 82' lang='grc' dir='ltr'>ὅτε</span> <span class='ocrx_word' id='word_1_131' title='bbox 664 1496 732 1552; x_wconf 89' lang='grc' dir='ltr'>γε</span> <span class='ocrx_word' id='word_1_132' title='bbox 772 1471 945 1547; x_wconf 81' lang='grc' dir='ltr'>ὖμεῖς,</span> <span class='ocrx_word' id='word_1_133' title='bbox 989 1470 1032 1531; x_wconf 84' lang='grc' dir='ltr'>ὦ</span> <span class='ocrx_word' id='word_1_134' title='bbox 1071 1473 1516 1551; x_wconf 82' lang='grc' dir='ltr'>Λακεδαιμόνιοι,</span> <span class='ocrx_word' id='word_1_135' title='bbox 1563 1475 1787 1549; x_wconf 69' lang='grc' dir='ltr'>ἰσοκρα-</span> 
     </span>
     <span class='ocr_line' id='line_1_18' title="bbox 180 1559 1785 1641; baseline 0.002 -25"><span class='ocrx_word' id='word_1_136' title='bbox 180 1561 307 1621; x_wconf 84' lang='grc' dir='ltr'>τίας</span> <span class='ocrx_word' id='word_1_137' title='bbox 344 1559 711 1622; x_wconf 79' lang='grc' dir='ltr'>καταλύοντες</span> <span class='ocrx_word' id='word_1_138' title='bbox 747 1561 1071 1637; x_wconf 85' lang='grc' dir='ltr'>τυραννίδας</span> <span class='ocrx_word' id='word_1_139' title='bbox 1106 1566 1161 1624; x_wconf 74' lang='grc' dir='ltr'>ἒς</span> <span class='ocrx_word' id='word_1_140' title='bbox 1193 1561 1294 1624; x_wconf 79' lang='grc' dir='ltr'>τοῖς</span> <span class='ocrx_word' id='word_1_141' title='bbox 1322 1562 1489 1625; x_wconf 89' lang='grc' dir='ltr'>πόλις</span> <span class='ocrx_word' id='word_1_142' title='bbox 1526 1559 1785 1641; x_wconf 79' lang='grc' dir='ltr'>κατάγειν</span> 
     </span>
     <span class='ocr_line' id='line_1_19' title="bbox 181 1646 1781 1727; baseline 0.002 -24"><span class='ocrx_word' id='word_1_143' title='bbox 181 1646 702 1722; x_wconf 83' lang='grc' dir='ltr'>παρασκευάζεσθε·</span> <span class='ocrx_word' id='word_1_144' title='bbox 753 1652 856 1707; x_wconf 83' lang='grc' dir='ltr'>τοῦ</span> <span class='ocrx_word' id='word_1_145' title='bbox 904 1646 1030 1708; x_wconf 79' lang='grc' dir='ltr'>οὔτε</span> <span class='ocrx_word' id='word_1_146' title='bbox 1077 1648 1402 1727; x_wconf 76' lang='grc' dir='ltr'>ἀδικώτερον</span> <span class='ocrx_word' id='word_1_147' title='bbox 1448 1647 1605 1707; x_wconf 74' lang='grc' dir='ltr'>οὐδέν</span> <span class='ocrx_word' id='word_1_148' title='bbox 1658 1653 1781 1707; x_wconf 86' lang='grc' dir='ltr'>ε’στι</span> 
     </span>
     <span class='ocr_line' id='line_1_20' title="bbox 182 1732 1782 1815; baseline 0.001 -24"><span class='ocrx_word' id='word_1_149' title='bbox 182 1732 307 1793; x_wconf 81' lang='grc' dir='ltr'>κατ’</span> <span class='ocrx_word' id='word_1_150' title='bbox 348 1733 673 1812; x_wconf 71' lang='grc' dir='ltr'>ἀνθρώπους</span> <span class='ocrx_word' id='word_1_151' title='bbox 723 1734 849 1795; x_wconf 77' lang='grc' dir='ltr'>οὔτε</span> <span class='ocrx_word' id='word_1_152' title='bbox 902 1738 1361 1814; x_wconf 77' lang='grc' dir='ltr'>μιαιφονώτερον.</span> <span class='ocrx_word' id='word_1_153' title='bbox 1445 1740 1493 1794; x_wconf 83' lang='grc' dir='ltr'>εἰ</span> <span class='ocrx_word' id='word_1_154' title='bbox 1545 1734 1658 1815; x_wconf 73' lang='grc' dir='ltr'>γὰρ</span> <span class='ocrx_word' id='word_1_155' title='bbox 1712 1733 1782 1810; x_wconf 77' lang='grc' dir='ltr'>δή</span> 
     </span>
     <span class='ocr_line' id='line_1_21' title="bbox 180 1822 1779 1904; baseline -0.001 -22"><span class='ocrx_word' id='word_1_156' title='bbox 180 1822 354 1883; x_wconf 82' lang='grc' dir='ltr'>τοῦτό</span> <span class='ocrx_word' id='word_1_157' title='bbox 390 1848 459 1904; x_wconf 88' lang='grc' dir='ltr'>γε</span> <span class='ocrx_word' id='word_1_158' title='bbox 505 1822 683 1882; x_wconf 81' lang='grc' dir='ltr'>δοκέει</span> <span class='ocrx_word' id='word_1_159' title='bbox 720 1822 853 1900; x_wconf 74' lang='grc' dir='ltr'>ὑμῖν</span> <span class='ocrx_word' id='word_1_160' title='bbox 894 1824 1033 1884; x_wconf 78' lang='grc' dir='ltr'>εἶναι</span> <span class='ocrx_word' id='word_1_161' title='bbox 1075 1824 1343 1903; x_wconf 82' lang='grc' dir='ltr'>χρηστόν,</span> <span class='ocrx_word' id='word_1_162' title='bbox 1391 1823 1536 1882; x_wconf 83' lang='grc' dir='ltr'>ὥστε</span> <span class='ocrx_word' id='word_1_163' title='bbox 1586 1846 1779 1898; x_wconf 90' lang='grc' dir='ltr'>τυραν-</span> 
     </span>
     <span class='ocr_line' id='line_1_22' title="bbox 179 1909 1778 1988; baseline 0 -19"><span class='ocrx_word' id='word_1_164' title='bbox 179 1909 443 1970; x_wconf 76' lang='grc' dir='ltr'>νεύεσθαι</span> <span class='ocrx_word' id='word_1_165' title='bbox 481 1911 584 1974; x_wconf 73' lang='grc' dir='ltr'>τὰς</span> <span class='ocrx_word' id='word_1_166' title='bbox 623 1910 805 1980; x_wconf 79' lang='grc' dir='ltr'>πόλις,</span> <span class='ocrx_word' id='word_1_167' title='bbox 850 1911 1009 1972; x_wconf 71' lang='grc' dir='ltr'>αὐτοὶ</span> <span class='ocrx_word' id='word_1_168' title='bbox 1050 1915 1263 1988; x_wconf 82' lang='grc' dir='ltr'>πρῶτοι</span> <span class='ocrx_word' id='word_1_169' title='bbox 1302 1911 1568 1987; x_wconf 77' lang='grc' dir='ltr'>τύραννον</span> <span class='ocrx_word' id='word_1_170' title='bbox 1616 1935 1778 1969; x_wconf 87' lang='grc' dir='ltr'>κατα-</span> 
     </span>
     <span class='ocr_line' id='line_1_23' title="bbox 180 1997 1779 2076; baseline 0 -20"><span class='ocrx_word' id='word_1_171' title='bbox 180 1997 535 2076; x_wconf 80' lang='grc' dir='ltr'>στησάμενοι</span> <span class='ocrx_word' id='word_1_172' title='bbox 581 2000 736 2075; x_wconf 71' lang='grc' dir='ltr'>παρσῖ</span> <span class='ocrx_word' id='word_1_173' title='bbox 781 2002 957 2075; x_wconf 87' lang='grc' dir='ltr'>σφίσι</span> <span class='ocrx_word' id='word_1_174' title='bbox 1004 1999 1242 2069; x_wconf 74' lang='grc' dir='ltr'>αὐτοῖσι,</span> <span class='ocrx_word' id='word_1_175' title='bbox 1290 1997 1429 2058; x_wconf 72' lang='grc' dir='ltr'>οὕτω</span> <span class='ocrx_word' id='word_1_176' title='bbox 1484 1997 1575 2056; x_wconf 84' lang='grc' dir='ltr'>καὶ</span> <span class='ocrx_word' id='word_1_177' title='bbox 1624 2001 1779 2057; x_wconf 84' lang='grc' dir='ltr'>τοῖσι</span> 
     </span>
     <span class='ocr_line' id='line_1_24' title="bbox 181 2084 1782 2165; baseline 0.001 -20"><span class='ocrx_word' id='word_1_178' title='bbox 181 2084 421 2146; x_wconf 76' lang='grc' dir='ltr'>ἄλλοισι</span> <span class='ocrx_word' id='word_1_179' title='bbox 454 2088 685 2165; x_wconf 85' lang='grc' dir='ltr'>δίζησθε</span> <span class='ocrx_word' id='word_1_180' title='bbox 728 2088 1074 2149; x_wconf 86' lang='grc' dir='ltr'>κατιστάναι·</span> <span class='ocrx_word' id='word_1_181' title='bbox 1115 2092 1212 2149; x_wconf 77' lang='grc' dir='ltr'>νῦν</span> <span class='ocrx_word' id='word_1_182' title='bbox 1253 2088 1328 2157; x_wconf 78' lang='grc' dir='ltr'>δὲ,</span> <span class='ocrx_word' id='word_1_183' title='bbox 1366 2087 1523 2148; x_wconf 77' lang='grc' dir='ltr'>αὐτοὶ</span> <span class='ocrx_word' id='word_1_184' title='bbox 1565 2084 1782 2164; x_wconf 79' lang='grc' dir='ltr'>ἄπειροι</span> 
     </span>
     <span class='ocr_line' id='line_1_25' title="bbox 180 2175 1777 2254; baseline -0.001 -19"><span class='ocrx_word' id='word_1_185' title='bbox 180 2175 368 2239; x_wconf 78' lang='grc' dir='ltr'>ε’όντες</span> <span class='ocrx_word' id='word_1_186' title='bbox 399 2177 691 2254; x_wconf 86' lang='grc' dir='ltr'>τυράννων,</span> <span class='ocrx_word' id='word_1_187' title='bbox 720 2177 811 2235; x_wconf 83' lang='grc' dir='ltr'>καὶ</span> <span class='ocrx_word' id='word_1_188' title='bbox 855 2176 1251 2253; x_wconf 82' lang='grc' dir='ltr'>φυλάσσοντες</span> <span class='ocrx_word' id='word_1_189' title='bbox 1286 2176 1572 2236; x_wconf 86' lang='grc' dir='ltr'>δεινότατα</span> <span class='ocrx_word' id='word_1_190' title='bbox 1608 2179 1777 2235; x_wconf 81' lang='grc' dir='ltr'>τοῦτο</span> 
     </span>
     <span class='ocr_line' id='line_1_26' title="bbox 179 2262 1780 2347; baseline 0.002 -25"><span class='ocrx_word' id='word_1_191' title='bbox 179 2267 242 2323; x_wconf 79' lang='grc' dir='ltr'>ἐν</span> <span class='ocrx_word' id='word_1_192' title='bbox 284 2267 357 2342; x_wconf 82' lang='grc' dir='ltr'>τῇ</span> <span class='ocrx_word' id='word_1_193' title='bbox 400 2265 632 2344; x_wconf 79' lang='grc' dir='ltr'>Σπάρτῃ</span> <span class='ocrx_word' id='word_1_194' title='bbox 676 2265 758 2343; x_wconf 80' lang='grc' dir='ltr'><em>μή</em></span> <span class='ocrx_word' id='word_1_195' title='bbox 803 2266 1084 2347; x_wconf 78' lang='grc' dir='ltr'>γενέσθαι,</span> <span class='ocrx_word' id='word_1_196' title='bbox 1132 2266 1503 2344; x_wconf 76' lang='grc' dir='ltr'>παραχρᾶσθε</span> <span class='ocrx_word' id='word_1_197' title='bbox 1552 2268 1608 2327; x_wconf 77' lang='grc' dir='ltr'>ἐς</span> <span class='ocrx_word' id='word_1_198' title='bbox 1650 2262 1780 2326; x_wconf 72' lang='grc' dir='ltr'>τούς</span> 
     </span>
     <span class='ocr_line' id='line_1_27' title="bbox 177 2351 1778 2432; baseline -0.001 -21"><span class='ocrx_word' id='word_1_199' title='bbox 177 2351 536 2432; x_wconf 75' lang='grc' dir='ltr'>συμμάχους.</span> <span class='ocrx_word' id='word_1_200' title='bbox 621 2357 669 2413; x_wconf 82' lang='grc' dir='ltr'>εἰ</span> <span class='ocrx_word' id='word_1_201' title='bbox 717 2354 777 2413; x_wconf 81' lang='grc' dir='ltr'>δὲ</span> <span class='ocrx_word' id='word_1_202' title='bbox 827 2352 986 2413; x_wconf 84' lang='grc' dir='ltr'>αυτοὶ</span> <span class='ocrx_word' id='word_1_203' title='bbox 1045 2354 1296 2429; x_wconf 81' lang='grc' dir='ltr'>ἔμπειροι</span> <span class='ocrx_word' id='word_1_204' title='bbox 1353 2353 1474 2411; x_wconf 84' lang='grc' dir='ltr'>ἔατε</span> <span class='ocrx_word' id='word_1_205' title='bbox 1534 2352 1778 2429; x_wconf 84' lang='grc' dir='ltr'>κατάπερ</span> 
     </span>
     <span class='ocr_line' id='line_1_28' title="bbox 177 2439 1778 2520; baseline 0 -22"><span class='ocrx_word' id='word_1_206' title='bbox 177 2439 359 2517; x_wconf 76' lang='grc' dir='ltr'>ἡμεῖς,</span> <span class='ocrx_word' id='word_1_207' title='bbox 387 2441 562 2520; x_wconf 77' lang='grc' dir='ltr'>εἴχετε</span> <span class='ocrx_word' id='word_1_208' title='bbox 598 2467 669 2501; x_wconf 93' lang='grc' dir='ltr'>αν</span> <span class='ocrx_word' id='word_1_209' title='bbox 703 2442 832 2519; x_wconf 84' lang='grc' dir='ltr'>περὶ</span> <span class='ocrx_word' id='word_1_210' title='bbox 865 2440 1033 2501; x_wconf 74' lang='grc' dir='ltr'>αὐτοῦ</span> <span class='ocrx_word' id='word_1_211' title='bbox 1068 2441 1291 2520; x_wconf 80' lang='grc' dir='ltr'>γνώμας</span> <span class='ocrx_word' id='word_1_212' title='bbox 1316 2439 1609 2517; x_wconf 72' lang='grc' dir='ltr'>ἀμείνονας</span> <span class='ocrx_word' id='word_1_213' title='bbox 1636 2464 1778 2516; x_wconf 90' lang='grc' dir='ltr'>συμ-</span> 
     </span>
     <span class='ocr_line' id='line_1_29' title="bbox 173 2528 852 2606; baseline 0 -18"><span class='ocrx_word' id='word_1_214' title='bbox 173 2528 589 2606; x_wconf 80' lang='grc' dir='ltr'>βάλλεσθαι”</span> <span class='ocrx_word' id='word_1_215' title='bbox 551 2555 696 2606; x_wconf 91' lang='grc' dir='ltr'>ηπερ</span> <span class='ocrx_word' id='word_1_216' title='bbox 736 2533 852 2589; x_wconf 83' lang='grc' dir='ltr'>νῦν.</span> 
     </span>
    </p>

    <p class='ocr_par' dir='ltr' id='par_1_4' title="bbox 164 2614 1781 3305">
     <span class='ocr_line' id='line_1_30' title="bbox 261 2614 1781 2698; baseline -0.002 -22"><span class='ocrx_word' id='word_1_217' title='bbox 261 2619 761 2681; x_wconf 82' lang='grc' dir='ltr'>ΚΟΡΙΝΘῙΟΙΣΙ</span> <span class='ocrx_word' id='word_1_218' title='bbox 800 2643 911 2698; x_wconf 89' lang='grc' dir='ltr'>γαρ</span> <span class='ocrx_word' id='word_1_219' title='bbox 943 2615 1014 2692; x_wconf 83' lang='grc' dir='ltr'>ἦν</span> <span class='ocrx_word' id='word_1_220' title='bbox 1053 2616 1253 2680; x_wconf 86' lang='grc' dir='ltr'>πόλιος</span> <span class='ocrx_word' id='word_1_221' title='bbox 1294 2614 1640 2678; x_wconf 90' lang='grc' dir='ltr'>κατάστασις</span> <span class='ocrx_word' id='word_1_222' title='bbox 1669 2640 1781 2675; x_wconf 82' lang='grc' dir='ltr'>τοι·</span> 
     </span>
     <span class='ocr_line' id='line_1_31' title="bbox 174 2700 1778 2788; baseline -0.002 -24"><span class='ocrx_word' id='word_1_223' title='bbox 174 2704 300 2782; x_wconf 76' lang='grc' dir='ltr'>ἥδε·</span> <span class='ocrx_word' id='word_1_224' title='bbox 339 2704 409 2781; x_wconf 85' lang='grc' dir='ltr'>ἦν</span> <span class='ocrx_word' id='word_1_225' title='bbox 434 2705 753 2788; x_wconf 84' lang='grc' dir='ltr'>ολιγαρχίη,</span> <span class='ocrx_word' id='word_1_226' title='bbox 782 2705 873 2763; x_wconf 82' lang='grc' dir='ltr'>καὶ</span> <span class='ocrx_word' id='word_1_227' title='bbox 915 2730 1070 2764; x_wconf 91' lang='grc' dir='ltr'>ουτοι</span> <span class='ocrx_word' id='word_1_228' title='bbox 1096 2702 1407 2783; x_wconf 85' lang='grc' dir='ltr'>Βακχιάδαι</span> <span class='ocrx_word' id='word_1_229' title='bbox 1448 2700 1778 2779; x_wconf 88' lang='grc' dir='ltr'>καλεόμενοι</span> 
     </span>
     <span class='ocr_line' id='line_1_32' title="bbox 174 2787 1778 2872; baseline -0.002 -20"><span class='ocrx_word' id='word_1_230' title='bbox 174 2793 376 2870; x_wconf 80' lang='grc' dir='ltr'>ἔνεμον</span> <span class='ocrx_word' id='word_1_231' title='bbox 398 2793 502 2869; x_wconf 69' lang='grc' dir='ltr'>τήν</span> <span class='ocrx_word' id='word_1_232' title='bbox 527 2792 718 2853; x_wconf 87' lang='grc' dir='ltr'>πόλιν·</span> <span class='ocrx_word' id='word_1_233' title='bbox 761 2792 1017 2852; x_wconf 77' lang='grc' dir='ltr'>ἐδίδοσαν</span> <span class='ocrx_word' id='word_1_234' title='bbox 1057 2792 1117 2851; x_wconf 79' lang='grc' dir='ltr'>δὲ</span> <span class='ocrx_word' id='word_1_235' title='bbox 1150 2792 1241 2850; x_wconf 84' lang='grc' dir='ltr'>καὶ</span> <span class='ocrx_word' id='word_1_236' title='bbox 1280 2790 1487 2872; x_wconf 89' lang='grc' dir='ltr'>ἤγοντο</span> <span class='ocrx_word' id='word_1_237' title='bbox 1513 2791 1576 2860; x_wconf 75' lang='grc' dir='ltr'>ἐξ</span> <span class='ocrx_word' id='word_1_238' title='bbox 1600 2787 1778 2864; x_wconf 75' lang='grc' dir='ltr'>οἷλλή·</span> 
     </span>
     <span class='ocr_line' id='line_1_33' title="bbox 174 2877 1777 2980; baseline -0.004 -40"><span class='ocrx_word' id='word_1_239' title='bbox 174 2884 312 2940; x_wconf 87' lang='grc' dir='ltr'>λων.</span> <span class='ocrx_word' id='word_1_240' title='bbox 393 2880 664 2958; x_wconf 85' lang='grc' dir='ltr'>Ἀμφίονι</span> <span class='ocrx_word' id='word_1_241' title='bbox 705 2880 780 2950; x_wconf 82' lang='grc' dir='ltr'>δὲ,</span> <span class='ocrx_word' id='word_1_242' title='bbox 809 2878 955 2940; x_wconf 79' lang='grc' dir='ltr'>ε’ἆντι</span> <span class='ocrx_word' id='word_1_243' title='bbox 992 2905 1203 2939; x_wconf 90' lang='grc' dir='ltr'>τουτων</span> <span class='ocrx_word' id='word_1_244' title='bbox 1239 2882 1352 2938; x_wconf 79' lang='grc' dir='ltr'>τῶν</span> <span class='ocrx_word' id='word_1_245' title='bbox 1383 2878 1608 2954; x_wconf 83' lang='grc' dir='ltr'>ανδρῶν,</span> <span class='ocrx_word' id='word_1_246' title='bbox 1633 2877 1777 2980; x_wconf 84' lang='grc' dir='ltr'>γίνε·</span> 
     </span>
     <span class='ocr_line' id='line_1_34' title="bbox 166 2961 1774 3049; baseline -0.003 -21"><span class='ocrx_word' id='word_1_247' title='bbox 166 2994 273 3028; x_wconf 87' lang='grc' dir='ltr'>ται</span> <span class='ocrx_word' id='word_1_248' title='bbox 298 2968 544 3049; x_wconf 86' lang='grc' dir='ltr'>θυγάτηρ</span> <span class='ocrx_word' id='word_1_249' title='bbox 570 2967 749 3047; x_wconf 89' lang='grc' dir='ltr'>χωλή·</span> <span class='ocrx_word' id='word_1_250' title='bbox 792 2994 1002 3044; x_wconf 91' lang='grc' dir='ltr'>ουνομα</span> <span class='ocrx_word' id='word_1_251' title='bbox 1028 2967 1091 3026; x_wconf 82' lang='grc' dir='ltr'>δέ</span> <span class='ocrx_word' id='word_1_252' title='bbox 1116 2969 1170 3025; x_wconf 79' lang='grc' dir='ltr'>οἱ</span> <span class='ocrx_word' id='word_1_253' title='bbox 1193 2966 1263 3040; x_wconf 86' lang='grc' dir='ltr'>ἦν</span> <span class='ocrx_word' id='word_1_254' title='bbox 1288 2965 1513 3040; x_wconf 86' lang='grc' dir='ltr'>Λάβδα·</span> <span class='ocrx_word' id='word_1_255' title='bbox 1554 2961 1774 3030; x_wconf 70' lang='grc' dir='ltr'>ταύτην,</span> 
     </span>
     <span class='ocr_line' id='line_1_35' title="bbox 168 3044 1776 3137; baseline -0.012 -20"><span class='ocrx_word' id='word_1_256' title='bbox 168 3057 535 3136; x_wconf 84' lang='grc' dir='ltr'>Βακχιαδέων</span> <span class='ocrx_word' id='word_1_257' title='bbox 572 3056 683 3137; x_wconf 72' lang='grc' dir='ltr'>γὰρ</span> <span class='ocrx_word' id='word_1_258' title='bbox 718 3055 895 3117; x_wconf 87' lang='grc' dir='ltr'>ουδεὶς</span> <span class='ocrx_word' id='word_1_259' title='bbox 934 3053 1106 3129; x_wconf 87' lang='grc' dir='ltr'>ἤθελε</span> <span class='ocrx_word' id='word_1_260' title='bbox 1144 3057 1337 3133; x_wconf 81' lang='grc' dir='ltr'>γῆμαι,</span> <span class='ocrx_word' id='word_1_261' title='bbox 1369 3052 1521 3125; x_wconf 81' lang='grc' dir='ltr'>ἴσχει</span> <span class='ocrx_word' id='word_1_262' title='bbox 1545 3044 1776 3102; x_wconf 84' lang='grc' dir='ltr'>Ἠετίων</span> 
     </span>
     <span class='ocr_line' id='line_1_36' title="bbox 167 3135 1775 3224; baseline -0.003 -18"><span class='ocrx_word' id='word_1_263' title='bbox 167 3172 205 3206; x_wconf 87' lang='grc' dir='ltr'>ο</span> <span class='ocrx_word' id='word_1_264' title='bbox 183 3143 618 3224; x_wconf 67' lang='grc' dir='ltr'>’Ἑχεκράτεος,</span> <span class='ocrx_word' id='word_1_265' title='bbox 648 3142 827 3220; x_wconf 83' lang='grc' dir='ltr'>δήμου</span> <span class='ocrx_word' id='word_1_266' title='bbox 859 3167 962 3218; x_wconf 90' lang='grc' dir='ltr'>μεν</span> <span class='ocrx_word' id='word_1_267' title='bbox 992 3141 1079 3223; x_wconf 82' lang='grc' dir='ltr'>[ἐκ</span> <span class='ocrx_word' id='word_1_268' title='bbox 1105 3137 1402 3216; x_wconf 83' lang='grc' dir='ltr'>Πέτρης]’</span> <span class='ocrx_word' id='word_1_269' title='bbox 1376 3135 1493 3203; x_wconf 68' lang='grc' dir='ltr'>εῶν,</span> <span class='ocrx_word' id='word_1_270' title='bbox 1522 3151 1663 3201; x_wconf 61' lang='lat' dir='ltr'>“Tap</span> <span class='ocrx_word' id='word_1_271' title='bbox 1702 3149 1775 3182; x_wconf 69' lang='lat'><strong><em>‘¹¹⁰‘</em></strong></span> 
     </span>
     <span class='ocr_line' id='line_1_37' title="bbox 164 3218 1775 3305; baseline -0.007 -12"><span class='ocrx_word' id='word_1_272' title='bbox 164 3231 447 3294; x_wconf 69' lang='grc' dir='ltr'>ἆνέκαθεν</span> <span class='ocrx_word' id='word_1_273' title='bbox 473 3234 731 3305; x_wconf 83' lang='grc' dir='ltr'>Λαπίθης</span> <span class='ocrx_word' id='word_1_274' title='bbox 757 3256 819 3288; x_wconf 89' lang='grc' dir='ltr'>τε</span> <span class='ocrx_word' id='word_1_275' title='bbox 849 3230 939 3287; x_wconf 87' lang='grc' dir='ltr'>καὶ</span> <span class='ocrx_word' id='word_1_276' title='bbox 966 3226 1279 3299; x_wconf 84' lang='grc' dir='ltr'>Καινείδης</span> <span class='ocrx_word' id='word_1_277' title='bbox 1315 3228 1381 3279; x_wconf 80' lang='grc' dir='ltr'>ἐκ</span> <span class='ocrx_word' id='word_1_278' title='bbox 1408 3218 1471 3276; x_wconf 80' lang='grc' dir='ltr'>δέ</span> <span class='ocrx_word' id='word_1_279' title='bbox 1497 3239 1550 3272; x_wconf 94' lang='grc' dir='ltr'>οι</span> <span class='ocrx_word' id='word_1_280' title='bbox 1571 3231 1775 3281; x_wconf 62' lang='grc' dir='ltr'>ταυτηῖ</span> 
     </span>
    </p>
   </div>
  </div>
 </body>
</html>
