2100 3409
188 51 411 116 20-23]
810 54 1219 106 ΤΕΡΨΙΧΟΡΗ.
1765 65 1797 110 9

192 131 389 192 αὐτῶν·
418 130 609 192 εἵπετο
628 158 741 213 γαρ
762 133 831 209 δή
851 141 964 210 σφι
989 137 1084 194 καὶ
1108 135 1386 215 ὀχήματα,
1416 137 1508 196 καὶ
1535 137 1801 216 θεράπον-

192 245 279 282 τες
309 221 405 279 καὶ
439 246 477 296 η
506 225 672 280 πᾶσα
702 222 898 297 πολλη
927 218 1279 300 παρασκευή·
1320 224 1503 284 πάντα
1529 225 1597 301 δὴ
1622 232 1801 286 ταῦτα

192 305 308 385 ἅμα
345 311 498 368 πᾶσι
537 310 777 369 κείνοισι
816 310 1123 387 ηφάνιστο.
1210 311 1354 390 μετὰ
1395 313 1471 385 δὲ,
1511 314 1693 393 χρόνῳ
1734 314 1799 374 ού

190 400 389 507 πολλῷ
413 395 671 473 ὕστερον,
700 399 934 475 ζήτησις
966 405 1078 460 τῶν
1103 400 1315 479 ἀνδρῶν
1341 400 1549 463 τούτων
1574 402 1818 483 μεγάλη’

191 488 251 543 ἐκ
266 488 380 546 τῶν
396 486 718 562 Περσέων’
691 486 921 567 εγίνετο·
948 513 1041 547 και
1029 489 1246 566 ’σφεας
1260 488 1628 568 Ἀλέξανδρος
1643 492 1798 550 κατέ-

188 574 340 649 λαβε
364 574 572 653 σοφίῃ,
598 574 863 653 χρήματά
886 602 950 636 τε
975 576 1103 640 δους
1127 578 1321 637 πολλὰ
1348 579 1440 638 καὶ
1464 604 1570 654 την
1596 582 1798 639 ἑωυτοῦ

188 659 492 737 ἀδελφεὴν,
533 665 608 740 τῇ
662 661 872 739 οὔνομα
917 662 988 740 ἦν
1041 666 1274 745 Γυγαίη·
1333 665 1461 729 δους
1514 666 1574 727 δὲ
1619 670 1797 727 ταῦτα

187 750 476 826 κατέλαβε
501 747 536 808 ὅ
561 749 929 828 Ἀλέξανδρος
948 752 1238 832 Βουβάρῃ,
1261 752 1419 831 ἀνδρὶ
1440 754 1658 834 Πέρσῃ,
1685 758 1798 813 τῶν

187 835 489 913 διζημένων
525 837 655 902 τοῦς
685 837 1073 917 ἀπολομένους
1103 844 1214 901 τῶν
1240 846 1590 923 στρατηγῶν.
1634 842 1667 902 ὁ
1690 842 1795 919 μέν

185 949 281 984 νυν
296 929 412 986 τῶν
432 926 704 1004 Περσέων
720 926 930 988 τούτων
950 927 1187 993 θάνατος
1207 928 1348 989 οὕτω
1369 931 1796 1006 καταλαμφθεὶς

185 1012 447 1093 ἐσιγήθη.

255 1099 552 1179 Ἕλληνας
591 1101 651 1162 δὲ
692 1102 832 1162 εἶναι
876 1103 1106 1168 τούτους
1139 1103 1271 1168 τούς
1309 1103 1425 1165 α’πό
1474 1105 1793 1183 Περδίκκεω
1809 1108 1887 1166 22

181 1188 506 1269 γεγονότας,
549 1189 794 1269 κατάπερ
840 1191 998 1251 αὐτοὶ
1044 1193 1299 1273 λέγουσι,
1341 1191 1507 1255 αύτός
1544 1217 1607 1251 τε
1648 1191 1790 1251 οὕτω

182 1275 444 1356 τυγχάνω
484 1277 854 1355 ἐπιστάμενος
892 1279 1010 1358 (καὶ
1049 1279 1121 1356 δή
1164 1281 1256 1338 καὶ
1296 1284 1356 1340 ἐν
1393 1283 1551 1339 τοῖσι
1585 1278 1793 1340 ὄπισθε

183 1364 420 1445 λόγοισι
461 1364 783 1435 ἀποδέξω
743 1392 813 1429 ως
845 1370 957 1425 εἶσι
977 1366 1299 1448 Ελληνες),
1331 1366 1473 1443 πρὸς
1502 1367 1578 1441 δὲ,
1607 1393 1701 1425 και
1738 1394 1792 1426 οι

181 1478 281 1512 τον
321 1458 380 1512 ἐν
421 1452 713 1531 Ὀλυμπίῃ
753 1454 1032 1517 διέποντες
1071 1453 1260 1537 ἅγωνα
1304 1453 1598 1531 Ἑλλήνων
1646 1454 1789 1514 οὕτω

183 1541 435 1620 ἔγνωσαν
462 1540 620 1601 εἶναι.
677 1540 1052 1620 Ἀλεξάνδρου
1076 1542 1185 1622 γὰρ
1212 1542 1497 1603 ἀεθλεύειν
1518 1535 1789 1619 ἑλομένου

182 1628 275 1687 καὶ
314 1628 671 1705 καταβάντος
710 1629 795 1689 ἐπ’
835 1629 971 1690 αύτὸ
1009 1635 1195 1701 τοῦτο,
1239 1635 1293 1691 οἱ
1333 1630 1790 1707 ἀντιθευσόμενοι

181 1714 473 1792 Ἑλλήνων
499 1715 747 1797 ἐξεῖργόν
779 1743 892 1794 μιν,
922 1718 1166 1795 φάμενοι
1197 1718 1261 1778 οὗ
1291 1717 1606 1796 βαρβάρων
1646 1716 1789 1797 ἄγω·

179 1805 414 1864 νιστέων
430 1803 571 1864 εἶναι
585 1803 686 1864 τᾶν
700 1797 904 1885 αἶγαῗνα,
920 1804 1078 1865 ἀλλὰ
1090 1806 1401 1880 Ἑλλήνων·
1419 1804 1790 1881 Ἀλέξανδρος

180 1890 242 1949 δὲ
270 1890 463 1967 ἐπειδὴ
498 1891 730 1961 ἀπέδεξε
771 1891 840 1954 ὥς
881 1894 965 1969 εἴη
1004 1891 1275 1973 Ἀργεῖος,
1314 1892 1504 1969 ἐκρίθη
1544 1918 1606 1952 τε
1649 1893 1791 1951 εἶναι

171 1975 396 2055 Ἕλλην
445 1979 539 2038 καὶ
591 1977 989 2061 ἀγωνιζόμενος
1031 1980 1265 2039 στάδιον
1304 1979 1674 2050 συνεξέπιπτε
1711 1982 1791 2059 τῷ

181 2066 400 2148 πρώτῳ.

256 2159 451 2215 Ταῦτα
474 2154 579 2232 μέν
611 2180 708 2216 νυν
739 2154 881 2215 οὕτω
914 2181 984 2232 κη
1015 2156 1252 2237 ἐγένετο.
1335 2156 1690 2237 Μεγάβαζος
1729 2156 1788 2215 δὲ
1807 2160 1882 2215 23

178 2241 329 2323 ἄγων
367 2241 499 2306 τούς
539 2244 791 2306 Παίονας
822 2242 1054 2303 α’πίκετο
1091 2245 1182 2302 ε’πὶ
1211 2243 1312 2305 τᾶν
1334 2243 1788 2321 Ἑλλήσποντον·

177 2332 433 2391 ἐνθεῦτεν
479 2330 540 2391 δὲ
591 2331 1006 2408 διαπεραιωθεὶς
1044 2331 1276 2392 οἷπίκετο
1318 2338 1373 2396 ε’ς
1409 2331 1630 2410 Σάρδις.
1688 2331 1788 2392 ἅτε

175 2418 235 2479 δὲ
259 2420 578 2499 τειχέοντος
599 2418 706 2496 ἤδη
730 2418 1001 2479 Ἱστιαίου
1034 2424 1138 2479 τοῦ
1169 2421 1464 2496 Μιλησίου
1496 2419 1602 2496 τὴν
1633 2420 1789 2496 παραὶ

175 2507 423 2584 Δαρείου
455 2506 694 2582 αἰτήσας
720 2508 881 2586 ἔτυχε
911 2507 1135 2585 δωρεὴν,
1163 2507 1377 2584 μισθὸν
1403 2511 1664 2584 φυλακῆς
1686 2511 1791 2582 τῆς

172 2596 425 2674 σχεδίης,
455 2594 643 2658 ἐόντος
668 2596 729 2655 δὲ
753 2599 852 2655 τοῦ
878 2595 1065 2674 χώρου
1090 2594 1291 2656 τούτου
1315 2595 1470 2673 παροὶ
1492 2595 1789 2673 Στρυμόνα

171 2682 452 2760 ποταμόν,
480 2681 583 2764 [τῷ
615 2681 825 2759 οὔνομά
857 2687 982 2742 ε’στι
1012 2682 1340 2765 Μύρκινος·]
1379 2683 1575 2760 μαθων
1607 2683 1641 2743 ὁ
1668 2689 1786 2743 Με-

171 2771 430 2851 γάβαζος
469 2770 537 2830 τὰ
586 2770 917 2847 ποιεύμενον
957 2774 1018 2829 ἔκ
1064 2775 1167 2830 τοῦ
1205 2771 1490 2844 Ἱστιαίου,
1536 2771 1608 2835 ὥς
1644 2770 1789 2847 ἦλθε

168 2858 423 2938 τάχιστα
465 2863 521 2921 ε’ς
559 2859 660 2922 τοὶς
700 2857 904 2937 Σάρδις
941 2858 1092 2940 ἄγων
1135 2858 1268 2922 τοὺς
1312 2859 1578 2927 Παίονας,
1628 2860 1786 2937 ἔλεγε

171 2947 398 3025 Δαρείῳ
419 2945 576 3006 τάδε·
617 2945 704 3005 “a”
729 2947 999 3022 βασιλεῦ,
1028 2946 1185 3006 κοῖόν
1208 2970 1267 3006 τι
1290 2949 1487 3022 χρῆμα
1515 2943 1789 3016 ε’ποίησας

310 3033 599 3109 ὶἝλληνι
629 3034 793 3113 δεινῷ.
815 3059 880 3092 τε
913 3034 1006 3092 καὶ
1040 3035 1211 3111 σοφῷ
1237 3030 1366 3093 δσυς
1401 3027 1789 3108 ἔγκτήσασθαῑ

170 3120 347 3183 πόλιν
402 3125 464 3181 ἐν
509 3121 751 3199 Θρηῒκῃς
810 3121 902 3180 ἵνα
941 3119 1034 3195 ιδη
1076 3143 1139 3178 τε
1183 3111 1611 3211 ναιηι-ηγήσιμός
1662 3113 1788 3165 &m

170 3203 432 3286 αφθονος
469 3209 562 3266 καὶ
591 3208 805 3270 πολλοὶ
839 3207 1061 3274 κωπέες,
1102 3205 1194 3263 καὶ
1226 3203 1486 3278 μέταλλά
1521 3191 1784 3268 ἀργύρεα·
