2100 3409
75 3311 177 3367 k

316 62 341 107 ‘1
351 64 375 106 5
384 62 411 106 6
917 56 1283 104 ἨΡΟΔΟΤΟΤ
1746 55 1873 119 [VH.

316 138 408 196 καὶ
431 135 725 212 Ἀθηνέων·
765 137 821 196 οἶ
845 134 906 196 δὲ
929 134 1042 195 ‹in-<3
1068 133 1379 212 Ἀρκαδίης·
1420 136 1477 196 οἶ
1510 134 1573 196 δὲ
1605 134 1714 196 ἅπό
1751 136 1876 196 Κύθ-

312 251 429 285 νου·
472 228 525 283 οἶ
567 225 627 284 δὲ
665 223 779 285 ἅπό
823 224 1096 299 Φοινίκης·
1139 225 1191 281 οἱ
1232 222 1291 281 δὲ
1332 220 1445 282 οἷπό
1482 223 1783 299 Αἰθιοπίης,
1822 224 1879 287 ὦς

312 311 470 373 αυτοὶ
502 312 745 389 Κύπριοι
785 311 1037 391 λέγουσι.
1125 311 1353 373 Κιλικες
1388 310 1509 368 δὲ’
1484 310 1679 370 εκατὸν
1717 311 1879 389 παρεί

311 427 481 479 χοντο
522 400 665 462 νέας·
719 395 871 458 οὗτοι
913 396 960 456 δ’
1005 424 1075 457 αυ
1118 398 1245 474 περὶ
1286 399 1388 473 μὲν
1432 400 1570 475 τῇσι
1619 403 1880 477 κεφαλῇσι

218 489 291 547 91
318 488 518 565 κράνεα
564 484 846 563 ἐπιχώρια,
895 484 1132 559 λαισήϊά
1182 510 1244 544 τε
1297 483 1448 562 εἶχον
1498 483 1614 543 οἷν-τ’
1659 484 1883 547 ἀσπίδων

308 574 604 651 ὠμοβοέης
644 574 1004 648 πεποιημένα,
1050 572 1142 630 καὶ
1189 572 1419 635 κιθῶνας
1464 573 1720 648 εἰρινέους
1764 574 1882 633 ἐνδε-

312 660 553 723 δυκότες·
593 659 690 719 δύο
730 659 790 718 δὲ
833 659 1060 719 οἷκόντια
1108 660 1340 722 ἕκαστος
1386 660 1478 719 καὶ
1525 660 1691 737 ξίφος
1737 661 1881 740 εἶχον,

311 747 610 829 α’γχοτάτώ
638 750 774 826 τῇσι
809 746 1153 828 Αἰγυπτίῃσι
1186 747 1500 826 μαχαίρῃσι
1540 750 1881 825 πεποιημένα.

314 834 470 896 οὗτοι
507 839 612 914 μὲν
649 835 715 895 τὸ
756 834 999 894 παλαιόν
1022 834 1323 913 ’Ὑπαχαιοὶ
1364 835 1680 895 ἐκαλέοντο·
1721 837 1806 896 ε’πῖ
1834 837 1882 895 δὲ

311 926 549 988 Κίλικος
580 927 681 983 τοῦ
719 921 1040 1003 Ἀγήνορος,
1075 922 1271 999 ἀνδρὸς
1295 923 1564 992 Φοίνικος,
1593 923 1761 1003 ἔσχον
1795 923 1882 999 τήν

311 1011 638 1087 ἐπωνυμίην.
720 1009 1040 1086 Πάμφυλοι
1095 1010 1155 1069 δὲ
1211 1009 1504 1086 τριήκοντα
1571 1012 1879 1090 παρείχοντο

308 1100 432 1161 νέας
455 1099 840 1175 Ἑλληνικοῖσι
866 1096 1100 1157 ὅπλοισι
1126 1098 1543 1173 ἐσκευασμένοι·
1573 1099 1627 1156 οἶ
1654 1098 1716 1157 δὲ
1737 1097 1876 1174 Πάμ-

308 1190 481 1261 φυλοι
524 1185 677 1246 οὗτοι
721 1187 831 1245 εἰσὶ
872 1187 982 1244 τῶν
1024 1189 1087 1243 ἐκ
1128 1185 1328 1260 Τροίης
1369 1183 1877 1246 ἀποσκεδασθέντων

214 1276 289 1333 92
308 1272 425 1350 ἅμα
463 1273 801 1352 Ἀμφιλόχῳ
844 1271 934 1331 καὶ
980 1272 1296 1350 Κάλχαντι.
1378 1270 1576 1331 Λύκιοι
1618 1272 1678 1331 δὲ
1712 1273 1876 1350 παρεί-

306 1386 476 1439 χοντο
516 1362 642 1423 νέας
675 1358 1035 1434 πεντήκοντα,
1077 1359 1463 1436 θωρηκοφόροι
1495 1384 1560 1417 τε
1594 1360 1770 1424 ἐόντες
1801 1359 1876 1418 καὶ

308 1447 727 1524 κνημιδοφόροι·
770 1446 922 1524 εἶχον
959 1446 1019 1505 δὲ
1058 1446 1197 1517 τόξα
1241 1447 1509 1523 κρανέϊνα,
1551 1449 1644 1506 καὶ
1677 1448 1878 1509 dio-ro&

306 1535 644 1610 καλαμίνους
670 1532 939 1610 ἀπτέρους
966 1535 1060 1593 καὶ
1086 1533 1330 1596 ἀκόντια·
1373 1535 1464 1593 ἐπὶ
1492 1535 1565 1607 δὲ,
1597 1536 1751 1616 αῖγός
1779 1536 1878 1611 δέρ-

302 1647 456 1699 ματα
502 1621 629 1698 περὶ
672 1620 800 1684 τούς
848 1619 1026 1697 ὤμους
1039 1655 1057 1668 ·
1073 1621 1432 1699 αἰωρεύμενα·
1486 1624 1615 1699 περὶ
1661 1624 1720 1682 δὲ
1762 1626 1881 1701 τῇσι

305 1714 592 1789 κεφαλῇσι
624 1710 825 1772 πίλους
850 1712 1109 1786 πτεροῖσι
1138 1710 1768 1787 περιεστεφανωμένους·
1807 1715 1881 1791 ἐγ-

301 1798 537 1876 χειρίδια
563 1797 624 1856 δὲ
650 1798 742 1857 καὶ
771 1796 1016 1873 δρέπανα
1053 1796 1219 1875 εἶχον.
1303 1798 1502 1875 Λύκιοι
1542 1798 1601 1857 δὲ
1625 1799 1883 1876 Τερμίλαι

305 1885 617 1955 ἐκαλέοντο,
646 1890 707 1944 ἐκ
737 1883 965 1961 Κρήτης
1003 1882 1315 1964 γεγονότες·
1357 1886 1448 1945 ἐπὶ
1488 1886 1547 1944 δὲ
1572 1885 1760 1946 Λύκου
1795 1892 1883 1945 τοῦ

302 1972 626 2042 Πανδίονος,
653 1971 851 2050 άνδρός
877 1970 1194 2048 Ἀθηναίου,
1224 1972 1394 2050 ἔσχον
1429 1971 1535 2048 τὴν
1568 1974 1883 2051 ἐπωνυμίην·

207 2060 283 2118 93
307 2060 543 2138 Δωριέες
581 2060 640 2118 δὲ
678 2062 732 2119 οἱ
768 2064 829 2117 ἐκ
863 2063 966 2134 τῆς
996 2057 1197 2135 Ἀσίης
1238 2059 1530 2135 τριήκοντα
1566 2062 1885 2141 παρείχοντο

301 2148 441 2214 νέας,
470 2146 690 2225 ἔχοντές
712 2171 775 2204 τε
801 2144 1110 2221 Ἑλληνικαὶ
1145 2145 1298 2205 ὅπλα
1336 2147 1428 2206 καὶ
1462 2148 1754 2228 γεγονότες
1784 2148 1885 2208 οἷπό

301 2231 760 2306 Πελοποννήσου.
846 2236 1032 2311 Κᾶρες
1060 2234 1120 2292 δὲ
1148 2233 1535 2311 ἐβδομήκοντα
1565 2237 1886 2316 παρείχοντο

301 2320 441 2391 νέας,
485 2320 558 2378 ταῖ
597 2320 701 2394 μὲν
743 2316 897 2378 ἅλλα
934 2319 1182 2398 κατάπερ
1220 2319 1499 2397 Ἕλληνες
1541 2323 1883 2399 ἐσταλμένοι·

302 2406 456 2486 εἶχον
482 2405 541 2465 δὲ
568 2405 661 2465 καὶ
685 2405 929 2482 δρέπανα
957 2408 1061 2466 καῖ
1081 2409 1393 2489 ἐγχειρίδια.
1482 2407 1637 2469 οὗτοι
1672 2410 1733 2469 δὲ
1766 2410 1884 2470 οἴτι·

299 2519 387 2556 νες
439 2493 709 2570 πρότερον
768 2495 1083 2564 ἐκαλέοντο,
1139 2501 1198 2555 ἐν
1248 2499 1401 2555 τοῖσι
1456 2496 1735 2573 πρώτοισι
1787 2502 1885 2558 τῶν

299 2581 484 2662 λόγων
527 2582 753 2659 εἴρηται.
826 2581 1014 2646 Ἴωνες
1049 2582 1111 2641 δὲ
1146 2583 1342 2644 ἐκατὸν
1377 2585 1502 2646 νέας
1542 2585 1882 2663 παρείχοντο,

205 2670 280 2727 94
303 2670 701 2746 ἐσκευασμένοι
756 2669 828 2733 οἷς
870 2669 1168 2745 Ἕλληνες.
1242 2670 1428 2735 Ἴωνες
1481 2671 1556 2742 δὲ,
1601 2670 1744 2733 ὅσον
1792 2674 1884 2748 μὲν

296 2755 499 2834 χρόνον
535 2762 592 2816 ἐν
620 2757 1041 2837 Πελοποννήσῳ
1079 2759 1257 2818 οἴκεον
1292 2759 1398 2834 τήν
1426 2753 1525 2815 νὺν
1554 2760 1884 2836 καλεομένην

294 2842 568 2922 Ἀχαιίην,
598 2844 690 2902 καὶ
724 2844 857 2920 πρὶν
891 2843 928 2920 ἢ
958 2845 1183 2906 Δάναόν
1219 2872 1280 2906 τε
1318 2848 1409 2906 καὶ
1445 2848 1668 2920 Ξοῦθον
1708 2846 1884 2907 ἀπικέ-

297 2931 434 2991 σθαι
477 2936 531 2994 ἐς
567 2929 1026 3005 Πελοπόννησον,
1064 2933 1132 2996 ὥς
1156 2932 1436 3010 Ἕλληνες
1476 2935 1733 3015 λέγουσι,
1775 2940 1885 2994 ἐκα-

296 3018 493 3080 λέοντο
520 3018 822 3097 Πελασγοὶ
848 3022 1157 3099 Αἰγιαλέες·
1200 3021 1291 3080 ἐπὶ
1324 3022 1384 3081 δὲ
1412 3020 1604 3094 Ἴωνος
1627 3026 1731 3082 τοῦ
1757 3019 1884 3085 Ξού-

204 3102 398 3165 95θου
427 3104 632 3168 Ἴωνες.
715 3109 1008 3180 Νησιῶται
1050 3106 1111 3165 δὲ
1154 3109 1519 3168 ἑπτακαίδεκα
1559 3110 1887 3188 παρείχοντο

297 3194 433 3262 νέας,
461 3192 808 3270 ὠπλισμένοι
845 3191 916 3256 ὥς
939 3191 1238 3269 Ἕλληνες·
1281 3196 1373 3257 καὶ
1405 3199 1574 3257 τοῦτο
1602 3201 1888 3278 Πελασγι-
