2100 3409
241 64 464 129 95—98]
854 65 1261 117 ΤΕΡΨῙΧΟΡΗ.
1777 64 1842 118 47

242 145 385 221 αὕτη
409 144 520 225 γοὶρ
545 142 586 220 ἦ
610 142 779 208 πόλις
797 149 909 205 τῶν
934 146 1178 205 λοιπέων
1215 142 1538 205 ἐδυνάστευε
1576 143 1841 225 μέγιστα·

243 232 497 293 ε’πελθῶν
539 233 600 291 δὲ
643 232 734 290 ε’πὶ
777 232 876 292 τᾶν
921 232 1099 307 δῆμον
1139 231 1170 292 ὁ
1209 231 1630 311 Ἀρισταγόρης,
1666 228 1843 290 ταῦτᾶ

242 322 402 403 ἔλεγε
437 319 512 380 ταῖ
548 320 642 378 καὶ
678 324 736 379 έν
765 323 837 399 τῇ
872 319 1120 398 Σπάρτῃ,
1148 320 1277 397 περὶ
1319 324 1429 379 τῶν
1469 319 1692 398 ἀγαθῶν
1729 322 1841 378 τῶν

243 414 299 467 ἐν
343 413 418 488 τῇ
464 406 654 487 Ἀσίῃ,
704 407 793 466 καὶ
838 411 940 467 τοῦ
982 408 1237 484 πολέμου
1277 410 1378 467 τοῦ
1421 410 1726 483 Περσικοῦ,
1769 405 1842 469 ὥς

244 496 367 556 οὔτε
412 495 630 555 ἀσπίδα
673 495 798 555 οὔτε
833 494 966 572 δόρυ
1002 496 1309 571 νομίζουσι,
1339 493 1587 558 εὐπετέες
1616 520 1679 554 τε
1717 519 1832 574 χει-

242 585 487 659 ρωθῆναι
517 584 733 659 εἴησαν.
812 586 989 645 ταῦτα
1013 608 1077 642 τε
1102 581 1172 658 δή
1199 584 1373 663 ἔλεγε,
1403 583 1496 641 καὶ
1519 581 1660 659 πρὸς
1683 585 1839 642 τοῖσι

240 671 385 742 τάδε,
417 671 491 735 ὥς
533 675 589 731 οἱ
625 670 908 746 Μιλήσιοι
944 674 1057 730 τῶν
1094 669 1401 746 Ἀθηναίων
1445 670 1555 729 εἶσὶ
1596 668 1836 740 ἄποικοι,

239 760 329 817 καὶ
370 759 523 822 οἶκός
555 764 741 834 σφεας
776 759 859 834 εἴη
900 758 1134 836 ῥύεσθαι
1170 757 1499 866 δυναμένους
1534 757 1698 838 μέγα·
1742 757 1835 817 καὶ

238 845 466 906 ουδὲν
431 874 464 906 ο
499 872 556 906 τι
597 845 697 905 οὐκ
735 845 1024 925 ὖπίσχετο,
1052 846 1145 905 οἶα
1185 871 1361 958 καρτα
1397 844 1668 921 δεόμενος·
1712 851 1766 908 ἐς
1802 874 1833 904 ο

237 932 502 993 σῖνέπεισε
486 935 725 1009 ’.σφεας
792 934 1044 997 πολλους
1068 960 1180 1015 γαρ
1208 933 1325 992 οἶκε
1352 933 1490 993 εἶναι
1517 932 1834 992 ευπετέστε-

235 1046 336 1097 ρον
371 1022 713 1099 διαβάλλειν
750 1020 788 1097 ἢ
824 1021 935 1091 ἕνα,
966 1025 1014 1081 εἰ
1040 1023 1368 1098 Κλεομένεα
1403 1024 1507 1097 μὲν
1532 1019 1630 1082 τᾶν
1654 1026 1830 1080 Λακε-

234 1107 525 1186 δαιμόνιον
563 1114 771 1187 μοῦνον
812 1109 911 1168 οὐκ
957 1109 1073 1172 οἶός
1113 1135 1177 1168 τε
1219 1109 1434 1189 ἐγένετο
1480 1108 1830 1183 διαβάλλειν,

234 1201 381 1272 τρεῖς
415 1199 478 1258 δὲ
512 1195 779 1274 μυριάδας
811 1196 1118 1272 Ἀθηναίων
1144 1198 1376 1271 ἐποίησε
1400 1199 1586 1255 τοῦτο.
1666 1195 1833 1272 Ἀθη-

236 1289 379 1344 ναῖοι
405 1288 512 1363 μὲν
537 1285 606 1359 δὴ
633 1284 1075 1354 ἀναπεισθέντες,
1108 1285 1464 1362 ἐψηφίσαντο
1503 1284 1679 1343 εἴκοσι
1708 1285 1834 1348 νέας

238 1371 576 1432 ἀποστεῖλαι
615 1372 861 1448 βοηθοῧς
884 1372 1064 1442 Ἴωσι,
1105 1370 1422 1453 στρατηγόν
1464 1370 1830 1441 ἀποδέξαντες

239 1460 415 1520 αὐτῶν
444 1461 583 1520 εἶναι
609 1458 949 1530 Μελάνθιον,
977 1459 1149 1538 ἄνδρα
1177 1466 1287 1521 τῶν
1324 1460 1529 1531 αἶστῶν,
1559 1459 1719 1519 ε’όντα
1758 1461 1829 1520 τοῖ

239 1546 417 1607 πάντα
460 1547 704 1624 δόκιμον.
787 1545 949 1607 αὗται
985 1548 1044 1607 δὲ
1081 1553 1140 1607 αἱ
1170 1550 1284 1612 νέες
1319 1548 1465 1628 ἁρχὴ
1504 1551 1683 1608 κακῶν
1716 1550 1829 1629 ε’γέ-

241 1659 398 1694 νοντο
428 1634 691 1709 Ἕλλησί
723 1661 785 1694 τε
825 1636 917 1694 καὶ
956 1637 1333 1714 Βαρβάροισι.

316 1721 726 1803 Ἀρισταγόρης
765 1722 825 1782 δὲ
866 1724 1230 1800 προπλώσας,
1275 1725 1365 1783 καὶ
1408 1721 1739 1799 ἀπικόμενος
1774 1728 1829 1785 ἐς
1847 1726 1924 1783 98

240 1809 340 1884 τὴν
379 1811 658 1886 Μίλητον,
695 1809 926 1888 ἐξευρών
960 1811 1257 1888 βούλευμα
1293 1810 1386 1869 ἀπ’
1426 1807 1490 1868 οὗ
1522 1809 1685 1869 Ἴωσι
1726 1812 1830 1887 μὲν

244 1896 470 1974 οὐδεμία
494 1898 699 1975 ἔμελλε
726 1898 942 1974 ὠφελίη
970 1897 1416 1968 ἔσεσθαι,-οὗᾶ’
1446 1897 1519 1958 ὧν
1545 1896 1672 1956 οὐδὲ
1703 1898 1829 1957 τού-

243 2010 338 2042 του
380 1986 559 2045 εἷνεκα
602 1987 796 2057 ε’ποίεε,
834 1985 966 2044 ἀλλ’
992 1986 1130 2048 ὅκως
1166 1986 1420 2062 βασιλέα
1458 1988 1698 2061 Δαρεῖον
1733 1989 1829 2045 λυ·-

244 2073 753 2152 τήσειε,-ἔπεμψε
800 2080 855 2137 ἐς
904 2074 1007 2149 τὴν
1054 2075 1300 2155 Φρυγίην
1341 2072 1513 2151 ἄνδρα
1558 2074 1648 2132 ε’πὶ
1701 2073 1831 2137 τούς

246 2163 502 2231 Παίονας,
526 2160 656 2224 τοῦς
681 2160 794 2222 <ivd
814 2161 1132 2239 Στρυμόνος
1155 2166 1411 2238 ποταμοῦ
1438 2161 1830 2240 αἰχμαλώτους

241 2250 565 2326 γενομένους
599 2248 708 2309 ὗπὸ
746 2248 1110 2329 Μεγαβάζου,
1150 2250 1427 2313 οἰκέοντας
1462 2250 1520 2309 δὲ
1556 2254 1657 2325 τῆς
1688 2258 1829 2327 Φρυ-

248 2338 361 2415 γίης
399 2336 585 2415 χῶρόν
624 2362 686 2397 τε
730 2337 822 2395 καὶ
865 2336 1053 2413 κώμην
1094 2336 1178 2397 ἐπ’
1223 2341 1450 2398 ἑωυτῶν·
1506 2337 1567 2401 ὃς
1610 2339 1735 2398 ἐπεί
1766 2365 1830 2399 τε

242 2423 466 2484 ἀπίκετο
504 2430 559 2488 ἐς
587 2424 719 2487 τούς
744 2425 1007 2494 Παίονας,
1037 2426 1196 2501 ἔλεγε
1226 2425 1376 2484 τάδε·
1418 2437 1454 2461 “
1471 2424 1668 2504 ἄνδρες
1689 2429 1832 2486 Παί-

242 2537 372 2583 ονες,
406 2513 624 2590 ἔπεμψέ
655 2538 728 2590 με
757 2512 1167 2593 Ἀρισταγόρης
1198 2513 1230 2573 ὅ
1268 2514 1529 2589 Μιλήτου
1564 2514 1831 2593 τύραννος

241 2603 516 2677 σωτηρίην
546 2600 679 2678 ὑμῖν
712 2599 1155 2677 ὑποθησόμενον,
1183 2601 1355 2678 ἥνπερ
1382 2602 1681 2677 βούλησθε
1714 2604 1829 2662 πεί-

240 2689 455 2749 θεσθαι·
497 2691 597 2749 νῦν
630 2686 740 2769 γσῖρ
769 2688 951 2763 Ἰωνίη
985 2693 1148 2746 πᾶσα
1183 2688 1467 2764 ἀπέστηκε
1506 2688 1618 2750 οἷπὸ
1659 2693 1831 2767 βασι-

238 2776 377 2847 λέος,
407 2777 501 2836 καὶ
537 2776 670 2852 ὖμῖν
708 2777 944 2854 παρέχει
979 2776 1262 2846 σώζεσθαι
1304 2777 1395 2835 ε’πὶ
1429 2777 1532 2852 τὴν
1564 2778 1833 2854 ὑμετέρην

238 2864 433 2924 αὐτῶν.
517 2864 688 2942 μέχρι
726 2867 828 2940 μὲν
869 2864 1169 2939 θαλάσσης
1212 2863 1433 2923 αὐτοῖσι
1472 2863 1619 2940 ὑμῖν,
1662 2864 1727 2923 τὰ
1772 2865 1831 2921 δὲ

238 2951 345 3011 οἷπὸ
373 2951 580 3011 τούτου
603 2951 738 3027 ἡμῖν
763 2950 869 3027 ἤδη
894 2950 1188 3028 μελήσει.”
1266 2954 1443 3009 ταῦτα
1469 2950 1529 3008 δὲ
1560 2948 1830 3006 ἀκούσαν-

237 3064 324 3102 τες
350 3044 404 3099 of.
431 3040 690 3108 Παίονες,
721 3064 895 3115 καρτα
928 3064 990 3097 τε
1025 3038 1327 3097 οἷσπαστὸν
1362 3034 1696 3108 ἐποιήσαντο
1738 3033 1829 3088 καὶ

239 3124 622 3202 ἀναλαβόντες
661 3125 862 3188 παῖδάς
892 3151 954 3185 τε
987 3126 1079 3183 καὶ
1111 3127 1387 3205 γυναῖκας,
1428 3116 1834 3190 ἀπεδίδρησκον

241 3215 333 3274 ἐπὶ
375 3214 700 3274 θαλασσαν
757 3217 809 3273 οἱ
857 3212 919 3272 δέ
961 3237 1104 3274 τινες
1147 3209 1325 3268 αυτῶν
1371 3204 1461 3262 καὶ
1508 3198 1830 3273 κατέμειναν
