2100 3409
159 58 391 125 335-89]
815 59 1125 108 ornum.
1674 62 1771 111 253

164 137 262 199 καὶ
308 134 600 212 συνήνεικε
643 137 958 216 ποιησάσῃ·
1026 137 1331 216 διωκομένη
1369 138 1480 220 γὰρ
1520 137 1631 200 ὕπὸ
1671 143 1773 215 τῆς

162 224 444 300 Ἀττικῆς,
499 225 756 303 φέρουσα
812 226 1050 303 ἐνέβαλε
1104 226 1196 302 νηῒ
1236 226 1422 305 φιλίῃ,
1463 224 1673 303 α’νδρῶν
1711 251 1775 287 τε

166 312 512 373 Καλυνδέων
552 313 646 372 καὶ
686 311 855 373 αὐτοῦ
897 313 1261 377 ἐπιπλέοντος
1297 317 1398 374 τοῦ
1440 314 1774 374 Καλυνδέων

163 401 453 478 βασιλέος
494 400 927 479 Δαμασιθύμου·
971 405 1019 460 εἰ
1056 403 1161 478 μὲν
1200 402 1298 461 καί
1327 428 1382 461 τι
1420 405 1596 465 νεῖκος
1632 401 1774 480 πρὸς

166 487 345 550 αὗτδν
391 487 644 570 ἐγεγόνεε
686 491 765 548 ἔτι
806 490 934 566 περὶ
974 487 1408 565 Ἑλλήσποντον
1451 490 1663 560 ἐόντων,
1709 489 1775 550 οὗ

164 578 365 654 μέντοι
418 577 590 657 ἔγωγε
644 575 751 655 ἔχω
807 579 994 646 εἰπεῖν,
1045 577 1154 637 εἴτε
1207 582 1267 637 ἐκ
1320 578 1598 655 προνοίης,
1636 577 1777 638 αὐτοὶ

167 663 425 739 ἐποίησε,
468 664 579 723 εἴτε
631 662 975 741 συνεκύρησε
1028 664 1068 740 ἦ
1108 668 1218 725 τῶν
1258 665 1593 726 Καλυνδέων
1634 666 1774 726 κατοὶ

165 750 352 829 τύχην
394 755 809 828 παραπεσοῦσα
854 755 1002 828 νηῦς·
1073 752 1143 816 ὥς
1188 752 1248 811 δὲ
1293 753 1533 828 ἐνέβαλέ
1572 779 1635 813 τε
1683 755 1776 813 καὶ

168 838 460 913 κατέδυσε,
503 837 728 919 ευτυχίῃ
763 841 1111 920 χρησαμένη,
1144 840 1378 899 διπλίί“
1350 839 1555 917 εωυτήν
1590 839 1775 922 αγαθα

169 925 480 1032 ἐργάσατο·
520 926 554 987 ὅ
594 952 656 988 τε
696 954 808 1008 γαρ
845 931 948 1004 τῆς
975 927 1235 1004 Ἀττικῆς
1275 927 1404 1005 νηός
1440 928 1774 1009 τριήραρχος

171 1013 245 1077 ὥς
301 1012 413 1073 εἶδέ
460 1039 560 1091 μιν
602 1013 1013 1093 ἐμβάλλουσαν
1059 1018 1149 1093 νηι
1194 1015 1405 1094 ἀνδρῶν
1443 1016 1772 1094 βαρβάρων,

170 1101 416 1178 νομίσας
438 1101 544 1178 τήν
569 1106 677 1180 νῆα
701 1102 805 1179 τήν
828 1102 1190 1181 Ἀρτεμισίης
1218 1103 1255 1180 ἢ
1280 1103 1586 1180 Ἑλληνίδα
1618 1104 1772 1174 εἶναι,

168 1185 208 1265 ἢ
248 1188 613 1267 αὐτομολέειν
648 1196 708 1251 ἐκ
746 1194 857 1253 τῶν
887 1190 1202 1269 βαρβάρων
1243 1191 1335 1251 καὶ
1375 1191 1595 1251 αὐτοῖσι
1635 1191 1773 1268 οἶμύ-

168 1301 305 1345 νειν,
334 1275 697 1357 ἀποστρέψας
721 1278 861 1356 πρός
889 1276 1072 1341 ἄλλας
1099 1278 1386 1355 ἐτράπετο.
1462 1283 1642 1341 Τοῦτο
1667 1281 1770 1356 μὲν
1792 1282 1869 1339 88

168 1367 399 1424 τοιοῦτο
433 1363 574 1444 αὐτῇ
611 1365 895 1442 συνήνεικε
931 1367 1211 1446 γενέσθαι,
1243 1366 1560 1447 διαφυγέειν
1589 1391 1651 1426 τε
1683 1367 1775 1425 καὶ

168 1450 255 1528 μή
294 1450 634 1513 ἀπολέσθω·
659 1458 826 1515 τοῦτο
862 1453 938 1523 δὲ,
977 1455 1197 1530 συνέβη
1223 1452 1368 1513 ὥστε
1405 1453 1575 1514 κακὸν
1612 1458 1772 1535 ἐργα-

171 1540 448 1617 σαμένην,
496 1539 609 1601 ἆπὸ
649 1540 854 1602 τούτων
895 1539 1072 1617 αὐτὴν
1109 1541 1365 1619 μάλιστα
1407 1541 1770 1620 εὐδοκιμῆσαι

170 1627 332 1707 παρὰ
352 1627 558 1734 Ξέρξῃ·
589 1629 813 1710 λέγεται
838 1627 949 1709 γὰρ
974 1630 1230 1706 βασιλέα
1256 1629 1554 1707 θηεύμενον
1578 1632 1777 1706 μαθεῖν

169 1713 281 1790 τήν
308 1718 416 1792 νῆα
444 1717 832 1793 ἐμβαλοῦσαν·
870 1718 964 1775 καὶ
989 1716 1061 1792 δή
1085 1741 1209 1775 τινα
1237 1715 1385 1775 εἶπαι
1409 1720 1519 1776 τῶν
1544 1716 1776 1792 παρεόν-

168 1827 305 1863 των·
350 1812 386 1837 “
401 1803 726 1874 δέσποτα,
694 1808 828 1883 ορᾷς
852 1802 1232 1882 Ἀρτεμισίην,
1260 1801 1330 1865 ὥς
1367 1829 1426 1861 ευ
1458 1802 1778 1882 ἀγωνίζεται

170 1889 271 1949 καὶ
290 1893 401 1966 νῆα
420 1895 529 1951 τῶν
548 1893 832 1969 πολεμίων
853 1889 1178 1960 κατέδυσε;”
1211 1890 1302 1950 καὶ
1321 1916 1420 1950 τον
1441 1890 1773 1966 ἐπείρεσθαι,

170 1983 222 2038 εἰ
250 1977 522 2055 ἀληθέως
565 1978 688 2039 ἐστὶ
734 1978 1094 2055 Ἀρτεμισίης
1136 1976 1202 2037 *ro*
1251 1978 1444 2058 ἔργον·
1431 2022 1446 2046 ,
1511 1977 1602 2034 καὶ
1645 1976 1776 2042 τούς

169 2063 357 2142 φάναι
382 2066 610 2142 σαφέως
635 2066 701 2127 τδ
740 2066 1019 2144 ἐπίσημον
1059 2069 1160 2141 τῆς
1189 2065 1321 2141 νηὸς
1357 2064 1776 2140 ἐπισταμένους·

165 2151 280 2230 τήν
318 2152 380 2212 δὲ
411 2153 822 2233 διαφθαρεῖσαν
852 2152 1163 2231 ἠπιστέατο
1200 2152 1337 2214 εἶναι
1371 2152 1666 2230 πολεμίην·
1705 2151 1780 2213 τά

166 2267 239 2302 τε
263 2238 378 2323 γὰρ
405 2240 574 2317 ἄλλα,
604 2241 675 2306 ὥς
702 2243 931 2320 εἴρηται,
961 2242 1105 2322 αὐτῇ
1131 2240 1417 2318 συνήνεικε
1443 2246 1498 2305 ἐς
1525 2239 1780 2320 εὐτυχίην

167 2328 469 2412 γενόμενα,
492 2331 583 2390 καὶ
608 2331 674 2392 τὸ
701 2334 812 2391 τῶν
833 2334 893 2390 ἐκ
917 2335 1019 2408 τῆς
1039 2329 1393 2405 Καλυνδικῆς
1413 2328 1543 2406 νηός
1567 2328 1780 2406 μηδένα

168 2416 548 2477 ἀποσωθέντα
584 2416 896 2499 κατήγορον
933 2418 1224 2500 γενέσθαι·
1285 2417 1498 2495 Ξέρξην
1534 2417 1594 2475 δὲ
1630 2416 1782 2475 εἶπαι

168 2504 408 2587 λέγεται
446 2505 586 2583 πρός
619 2505 692 2565 τὰ
727 2506 1071 2583 φραζόμενα·
1122 2515 1158 2541 “
1176 2507 1230 2564 οἶ
1260 2507 1364 2581 μὲν
1397 2503 1590 2580 ἄνδρες
1616 2503 1777 2585 γεγό-

170 2592 323 2652 νασί
346 2619 445 2670 μοι
483 2597 755 2675 γυναῖκες·
797 2597 857 2654 αἱ
895 2594 955 2653 δὲ
993 2595 1248 2676 γυναῖκες
1288 2589 1526 2667 ἅνδρες.”
1605 2595 1782 2652 ταῦτα

170 2682 285 2757 μὲν
313 2681 524 2759 Ξέρξην
550 2682 701 2757 φασὶ
727 2679 890 2742 εἶπαι.
1619 2695 1626 2702 ’

257 2765 360 2828 Ἑν
387 2768 445 2828 δὲ
471 2774 548 2850 τῷ
572 2768 725 2850 πόνῳ
748 2768 926 2849 τούτῳ
949 2768 1065 2830 ἀπὸ
1089 2768 1195 2845 μὲν
1220 2767 1380 2828 ἔθανε
1405 2764 1437 2827 ὅ
1465 2767 1780 2849 στρατηγός
1797 2767 1872 2826 89

172 2854 550 2938 Ἀριαβίγνης
584 2857 617 2917 ὁ
656 2858 909 2941 Δαρείου,
950 2856 1168 2935 Ξέρξεω
1200 2855 1302 2937 ἐῶν
1333 2853 1624 2931 α’δελφεός,
1666 2852 1780 2914 οἷπὸ

176 2943 242 3004 δὲ
298 2942 470 3004 ἄλλοι
521 2947 740 3006 πολλοί
772 2970 834 3004 τε
876 2945 969 3004 καὶ
1020 2942 1329 3021 ὀνομαστοὶ
1370 2943 1637 3021 Περσέων
1690 2941 1785 2999 καὶ

177 3030 410 3109 Μήδων,
456 3035 550 3094 καὶ
584 3038 694 3095 τῶν
724 3032 916 3094 ἄλλων
952 3031 1283 3109 συμμάχων·
1332 3030 1519 3110 ὀλίγοι
1549 3029 1611 3087 δέ
1643 3052 1786 3092 τινες

180 3120 278 3179 καὶ
301 3117 613 3196 Ἑλλήνων·
656 3121 755 3182 ἅτε
792 3147 912 3203 γαρ
942 3120 1084 3181 νέειν
1125 3119 1500 3194 ἐπιστάμενοι,
1531 3117 1687 3173 τοῖσι
1726 3117 1808 3174 αἶ·

181 3209 350 3333 νῆῐες
351 3206 747 3330 δὸεφθείροντο,
782 3209 875 3266 καὶ
903 3233 983 3284 μη
1017 3211 1077 3266 ἐν
1104 3210 1306 3285 χειρῶν
1344 3201 1534 3281 νόμῳ
1534 3199 1783 3261 ἀπολλύ-
