2100 3409
148 56 455 123 125-1291
825 63 1134 115 o'rPAmA.
1669 68 1782 122 271·

152 138 355 214 θύμως
379 138 700 201 συντίθεται
724 141 1031 219 προδοσίην
1055 143 1435 221 Τιμόξεινος“
1400 172 1433 205 ο
1462 149 1574 208 τῶν
1599 148 1770 212 Σκιω-

151 225 337 286 ναίων
377 222 712 307 στρατηγός·
758 227 946 289 ὅντινα
980 232 1085 306 μὲν
1118 231 1330 308 τρόπον
1366 231 1561 311 ἀρχὴν,
1599 235 1772 346 ἔγωγε

155 340 266 372 ουκ
312 315 421 392 ἔχω
463 317 653 374 εἰπεῖν·
710 315 775 376 οὗ
813 342 924 397 γαρ
967 316 1041 379 ὧν
1081 320 1325 400 λέγεται·
1379 322 1542 385 τέλος
1579 323 1771 397 μέντοι

154 400 410 460 τοιάδε’
384 402 614 482 εγίνετο·
657 402 794 467 ὅκως
816 405 1071 480 βυβλίον
1094 405 1330 486 γράψειε
1362 406 1401 484 ἦ
1431 408 1765 484 Τιμόξεινος,

156 489 379 548 ἐθέλων
432 514 588 566 παρα
638 487 992 567 Ἀρτάβαζον
1042 494 1279 571 πέμψαι,
1333 493 1372 570 ἦ
1423 494 1775 572 Ἀρτάβαζος

154 601 325 653 παρα
376 575 715 654 Τιμόξεινον,
766 578 1102 656 τοξεύματος
1148 581 1302 657 παρὰ
1346 608 1446 646 τας
1489 583 1771 664 γλυφῶας

156 663 603 741 περιειλίξαντες
629 665 721 723 καὶ
739 691 1124 743 πτερωσαντες
1141 667 1208 727 τό
1234 669 1504 744 βυβλίον,
1522 670 1774 740 ἐτόξευον

161 759 227 815 ἐς
252 752 620 833 συγκείμενον
657 754 880 832 χωρίον.
922 754 1187 818 ε’πάῖστος
1219 756 1336 815 δὲ’
1311 757 1521 837 εγίνετο
1547 759 1578 818 ὁ
1605 759 1775 867 Τιμό-

161 841 347 909 ξεινος
399 839 691 916 προδιδους
741 840 845 917 τὴν
896 842 1223 902 Ποτίδαιαν·
1291 844 1527 913 τοξεύων
1574 873 1685 926 γαρ
1737 873 1773 906 ο

159 927 525 1004 Ἀρτάβαζος
552 932 608 990 ἐς
631 928 698 988 τὰ
725 930 1103 1010 συγκείμενον,
1132 929 1394 1009 ἅμαρτών
1430 936 1531 993 τοῦ
1566 935 1772 1013 χωρίου

164 1015 388 1089 τούτου,
433 1016 648 1092 βάλλει
689 1017 886 1094 ἀνδρός
916 1018 1295 1094 Ποτιδαιήτεω
1330 1046 1430 1081 τον
1461 1020 1628 1097 ὦμον·
1673 1048 1774 1082 τον

163 1104 229 1162 δὲ
256 1104 556 1179 βληθέντα
582 1105 911 1183 περιέδραμε
942 1104 1157 1182 ὅμιλος,
1185 1108 1276 1165 οἶα
1311 1109 1494 1182 φιλέει
1518 1110 1774 1188 γίνεσθαι

165 1197 229 1251 ε’ν
285 1191 537 1270 πολέμω·
587 1192 641 1252 οἳ
694 1191 891 1252 αὐτίκα
943 1219 1009 1252 το
1062 1193 1305 1269 τόξευμα
1357 1195 1649 1270 λαβόντες,
1705 1222 1775 1259 ως

165 1281 386 1356 ἔμαθον
426 1278 492 1339 τό
533 1282 801 1356 βυβλίον,
852 1282 1053 1358 ἔφερον
1099 1281 1190 1339 ἐπὶ
1234 1307 1362 1344 τους
1407 1284 1773 1363 στρατηγούς·

162 1371 363 1444 παρῆν
409 1367 467 1425 δὲ
515 1369 605 1427 καὶ
649 1374 759 1429 τῶν
805 1368 997 1429 ἄλλων
1039 1369 1418 1445 Παλληναίων
1459 1372 1773 1450 συμμαχίη·

163 1458 330 1514 τοῖσι
357 1453 417 1512 δὲ
442 1460 814 1536 στρατηγοῖσι
841 1458 1292 1534 ἐπιλεξαμένοισι
1317 1457 1385 1518 τὰ
1404 1460 1658 1535 βυβλίον
1683 1461 1776 1519 καὶ

163 1543 427 1619 μαθοῦσι
464 1543 564 1602 τὸν
604 1544 779 1603 αἴτιον
817 1548 919 1619 τῆς
956 1545 1276 1621 προδοσίης,
1310 1546 1462 1616 ἔδοξε
1496 1546 1577 1624 μή
1612 1574 1775 1608 κατα-

165 1630 390 1707 πλέξαι,
415 1630 737 1707 Τιμόξεινον
771 1633 1067 1710 προδοσίῃ,
1095 1637 1196 1707 τῆς
1233 1635 1543 1698 Σκιωναίων
1577 1635 1777 1698 πόλιος

169 1717 377 1790 εἵνεκα,
415 1718 495 1794 μή
537 1720 853 1795 νομιζοίατο
893 1720 1031 1780 εἶναι
1062 1722 1353 1784 Σκιωναῖοι
1394 1727 1448 1783 ἐς
1485 1721 1584 1780 τὸν
1621 1724 1775 1798 μετέ-

166 1830 345 1864 πειτα
370 1806 574 1883 χρόνον
596 1807 701 1865 αἰεὶ
728 1808 1014 1885 προδόται·
1059 1807 1090 1867 ὁ
1116 1810 1219 1883 μὲν
1246 1807 1314 1882 δὴ
1340 1807 1571 1885 τοιούτῳ
1588 1808 1777 1888 τρόπῳ

170 1891 449 1955 ε’πάῖστος
483 1894 749 1975 ἐγεγόνεε.
832 1894 1164 1973 Ἀρταβάζῳ
1194 1894 1255 1953 δὲ
1294 1894 1482 1969 ἐπειδὴ
1509 1900 1737 1971 πολιορ-
1757 1898 1872 1957 129

169 1982 364 2040 κέοντι
400 1981 732 2062 ἐγεγόνεσαν
766 1986 914 2060 τρεῖς
945 1987 1129 2060 μῆνες,
1162 1981 1374 2062 γίνεται
1408 1980 1657 2058 ἄμπωτις
1681 1988 1781 2059 τῆς

172 2066 482 2143 θαλάσσης
520 2068 744 2149 μεγάλη
787 2071 879 2129 καὶ
919 2071 1123 2149 χρόνον
1163 2069 1254 2128 ε’πὶ
1293 2069 1533 2128 πολλόν·
1576 2070 1781 2132 ἰδόντες

171 2157 236 2214 δὲ
265 2157 323 2214 οἶ
351 2155 644 2234 βαρβαροι
679 2157 910 2239 τέναγος
947 2157 1260 2239 γενόμενον,
1288 2157 1574 2235 παρήισαν
1600 2163 1654 2218 ἐς
1677 2156 1781 2232 τήν

174 2241 518 2319 Παλλήνην·
585 2244 656 2308 ὥς
695 2246 755 2306 δὲ
793 2272 894 2308 τας
920 2246 1017 2304 δύο
1056 2248 1160 2322 μὲν
1199 2247 1398 2323 μοίρας
1438 2244 1780 2322 διοδοιπορή-

174 2357 372 2401 κεσαν,
402 2331 482 2391 ἔτι
522 2332 582 2392 δὲ
620 2338 766 2409 τρεῖς
805 2332 1170 2393 υπόλοιποι’
1134 2359 1300 2408 ησαν,
1326 2333 1428 2397 τοῖς
1463 2332 1782 2396 διελθόντας

170 2423 327 2496 χρῆν
366 2419 477 2478 ἔσω
509 2420 647 2480 εἶναι
687 2426 744 2481 ἐν
778 2425 849 2498 τῇ
885 2420 1183 2498 Παλλήνῃ,
1213 2421 1425 2495 ἐπῆλθε
1461 2421 1784 2498 πλημμυρὶς

173 2512 281 2582 τῆς
323 2505 625 2583 θαλάσσης
662 2507 965 2589 μεγάλη,
933 2534 1044 2582 οση
1087 2507 1304 2584 ουδαμᾶ.
1345 2534 1437 2578 κω,
1467 2533 1539 2570 ως
1578 2511 1631 2566 οἱ
1670 2513 1781 2576 ε’πι-

174 2619 378 2673 χωριοι
404 2595 655 2674 λέγουσι,
683 2595 963 2660 πολλακις
986 2597 1271 2676 γινομένη.
1344 2621 1397 2654 οι
1421 2596 1525 2671 μὲν
1552 2594 1620 2669 δη
1646 2594 1787 2654 νέειν

176 2680 365 2740 αυτῶν
387 2707 487 2739 ουκ
508 2682 867 2759 ἐπισταμενοι
889 2684 1289 2760 διεφθείροντο·
1331 2708 1460 2745 τους
1478 2683 1584 2741 δὲ’
1559 2707 1785 2741 επιστα·

177 2770 383 2846 μένους
409 2771 462 2827 οἱ
499 2771 866 2846 Ποτιδαιῆται
901 2771 1318 2833 ἐπιπλώσαντες
1350 2770 1607 2829 πλοίοισι
1637 2768 1785 2828 ἀπω-

178 2862 383 2916 λεσαν.
467 2858 644 2917 αἴτιον
684 2858 744 2917 δὲ
783 2861 1018 2937 λέγουσι
1074 2863 1126 2917 οἱ
1183 2857 1549 2932 Ποτιδαιῆται
1585 2860 1687 2930 τῆς
1723 2880 1787 2914 τε

179 2929 382 3022 ῥηχιης
415 2945 507 3002 καὶ
533 2949 634 3019 τῆς
675 2946 1067 3022 πλημμυρίδος
1109 2946 1200 3004 καὶ
1238 2950 1338 3004 τοῦ
1373 2946 1657 3021 Περσικοῦ
1682 2940 1785 2998 ποῖ-

182 3033 312 3093 θεος
338 3032 602 3110 γενέσθαι
626 3032 832 3102 τόδε,
800 3059 889 3094 οτι
913 3036 1013 3092 τοῦ
1043 3032 1475 3093 Ποσειδέωνος’
1451 3056 1504 3092 ες
1530 3027 1627 3087 τόν
1653 3051 1787 3100 νηον

183 3118 279 3177 καὶ
305 3118 372 3178 τό
399 3116 632 3198 αγαλμα
657 3118 722 3179 ro*
751 3125 809 3180 ε’ν
845 3123 922 3198 τῷ
955 3121 1271 3197 προαστείω
1304 3118 1607 3194 ἠσεβησαν
1633 3137 1787 3170 ουτοι

181 3210 301 3268 τῶν
365 3206 634 3281 Περσέων
688 3207 882 3299 τοίπερ
947 3205 1040 3265 καὶ
1092 3205 1478 3282 διεφθορησαν
1526 3198 1637 3262 ὖπό
1685 3202 1789 3274 τῆς
