2100 3409
148 8 385 74 75-79]
827 11 1132 60 oTPANIA.
1676 19 1769 66 249

151 85 540 165 Κυνόσουραν
551 87 896 167 τεταγμένοι,
916 88 1174 168 κατεῖχόν
1191 115 1255 149 τε
1267 90 1437 169 μέχρι
1452 95 1774 172 Μουνυχίης

150 176 349 236 πάντα
388 174 490 235 τόν
529 175 785 251 πορθμὸν
825 179 962 261 τῇσι
1002 178 1185 252 νηυσί·
1262 177 1433 238 τῶνδε
1474 179 1533 238 δὲ
1575 181 1775 242 εἵνεκεν

152 265 374 344 ἀνῆγον
398 262 501 326 τὰς
527 265 676 335 νῆας,
708 262 795 322 ἵνα
821 262 890 339 δή
917 267 1070 325 τοῖσι
1097 263 1353 340 Ἕλλησι
1378 266 1519 343 μηδὲ
1547 270 1773 348 φυγέειν

155 351 278 428 ἐξῇ,
331 348 464 409 ἀλλ’
520 348 987 426 ἀπολαμφθέντες
1041 358 1101 413 ἐν
1152 357 1224 432 τῇ
1271 354 1568 430 Σαλαμῖνι,
1626 356 1773 416 δοῖεν

151 438 316 498 τίσιν
353 441 464 497 τῶν
505 435 594 496 ἐπ’
630 435 967 518 Ἀρτεμισίῳ
1008 439 1425 520 ἀγωνισμάτων·
1476 447 1531 505 ἐς
1572 443 1631 502 δὲ
1669 442 1773 519 τήν

154 524 370 600 νησῖδα
394 523 500 600 τήν
525 524 874 585 Ψυττάλειαν
912 530 1254 603 καλεομένην
1281 527 1637 605 ἀπεβίβαζον
1662 535 1772 590 τῶν

157 612 454 690 Περσέων,
482 612 650 671 τῶνδε
678 612 896 682 εἵνεκεν,
924 614 995 677 ὦς
1025 614 1190 675 ἐπεὰν
1221 617 1446 695 γένηται
1473 619 1768 695 ναυμαχίη,

158 701 407 759 ἐνθαῦτα
457 699 713 776 μάλιστα
767 701 1133 778 ἐξοισομένων
1150 778 1156 783 ⁶
1172 706 1281 763 τῶν
1320 728 1382 762 τε
1428 702 1638 781 ἀνδρῶν
1679 705 1772 764 καὶ

157 790 272 846 τῶν
307 788 597 868 ναυηγίων,
632 787 719 866 (ἐν
751 787 862 868 γὰρ
900 788 968 865 δὴ
1001 789 1155 869 πόρῳ
1187 794 1289 865 τῆς
1330 793 1636 871 ναυμαχίης
1671 796 1771 868 τῆς

158 874 493 950 μελλούσης
534 876 769 934 ἔσεσθαι
810 876 983 937 ἔκειτο
1024 877 1063 952 ἦ
1103 880 1318 958 νῆσος,>
1368 878 1456 938 ἵνα
1494 878 1623 941 τούς
1665 884 1771 955 μὲν

160 966 516 1039 περιποιῶσι,
562 962 690 1025 τούς
731 962 790 1020 δὲ
831 963 1215 1042 διαφθείρωσι·
1263 966 1490 1025 ἐποίευν
1530 967 1592 1025 δὲ
1630 972 1768 1047 σιγῇ

159 1053 360 1118 ταῦτα,
404 1048 477 1127 (εἷς
508 1048 591 1127 ’μή
631 1049 999 1111 πυνθανοίατο
1042 1056 1096 1111 οἱ
1132 1054 1379 1112 ἐναντίοι.
1467 1056 1520 1112 οἱ
1562 1056 1666 1124 μὲν
1698 1054 1765 1130 δή

159 1140 342 1196 ταῦτα
399 1139 499 1213 τῆς
554 1136 763 1208 νυκτός,
819 1137 978 1198 οὐδὲν
1031 1139 1514 1214 ἀποκοιμηθέντες,
1557 1159 1768 1216 παραρ-

161 1250 381 1284 τεοντο.

243 1315 584 1388 Χρησμοῖσι
637 1312 697 1372 δὲ
749 1311 848 1373 οὔκ
901 1312 1010 1390 ἔχω
1049 1310 1359 1393 ἀντιλέγειν
1401 1312 1471 1375 ὦς
1518 1312 1617 1372 οὐκ
1658 1314 1768 1373 εἶσὶ
1785 1314 1861 1377 77

161 1398 421 1474 ἀληθέες,
441 1398 505 1458 οὖ
520 1399 872 1476 βουλόμενος
893 1400 1158 1480 ἐναργέως
1180 1402 1448 1480 λέγοντας
1467 1401 1770 1479 πειρᾶσθαι

160 1486 571 1560 καταβάλλειν,
605 1492 658 1549 ἐς
683 1487 869 1548 τοιάδε
895 1487 1198 1568 πρήγματα
1228 1490 1539 1567 ἐσβλέψας·

279 1570 435 1644 ”Δλλ’
469 1595 587 1644 ὅταν
609 1596 891 1658 Ἀρτέμιδος
924 1596 1193 1658 χρυσαόρου
1229 1599 1349 1659 ἱερὸν
1384 1601 1535 1658 ἀκτὴν

297 1668 439 1726 νηυσὶ
471 1669 804 1729 γεφυρώσωσι,
845 1669 926 1715 καὶ
961 1668 1168 1724 εἰναλίην
1203 1669 1521 1730 Κυνόσουραν,

296 1739 461 1786 ἐλπίδι
490 1740 746 1799 μαινομένῃ
779 1741 986 1799 λιπαρὰς
1023 1740 1284 1798 πέρσαντες
1319 1738 1535 1798 Ἀθήνας,

298 1811 381 1858 δῖα
416 1809 536 1868 Δίκη
569 1811 770 1872 σβέσσει
804 1811 1030 1872 κρατερὸν
1066 1810 1237 1870 Κόρον,
1266 1810 1456 1871 Ὕβριος
1491 1812 1599 1871 υἱὸν,

298 1882 450 1929 δεινὸν
479 1884 772 1941 μαιμώοντα,
800 1881 1020 1930 ’δοκεῦντ’
1055 1884 1144 1928 ἀνὰ
1178 1882 1338 1929 πάντα
1370 1882 1604 1929 τίθεσθαι.

297 1954 485 2013 χαλκὸς
516 1955 613 2015 ’γὰρ
647 1955 822 2014 χαλκῷ
854 1955 1152 2012 συμμίξεται,
1196 1954 1361 2011 αἵματι
1395 1953 1435 2000 δ’
1463 1953 1608 2014 Ἄρης

299 2024 475 2072 πόντον
510 2027 720 2085 φοινίξει.
790 2025 890 2072 τότ’
926 2027 1173 2086 ἐλεύθερον
1200 2025 1436 2073 Ἑλλάδος
1470 2023 1601 2086 ἦμαρ

301 2097 511 2156 εὐρύοπα
545 2098 776 2158 Κρονίδης
811 2098 999 2158 ἐπάγει,
1043 2099 1123 2145 καὶ
1160 2098 1333 2144 πότνια
1366 2097 1509 2155 Νίκη.

163 2193 221 2250 ἐς
256 2191 492 2247 τοιαῦτα
524 2191 628 2265 μὲν
669 2189 760 2248 καὶ
803 2184 944 2248 οὕτω
985 2188 1251 2268 ἐναργέως
1292 2189 1516 2268 λέγοντι
1556 2188 1768 2263 Βάκιδι,

163 2275 490 2355 ἀντιλογίης
515 2279 787 2355 χρησμῶν
811 2277 939 2353 πέρι
972 2272 1098 2334 οὔτε
1130 2274 1295 2338 αὐτὸς
1331 2276 1517 2356 λέγειν
1550 2277 1773 2354 τολμέω

164 2361 297 2422 οὔτε
326 2362 455 2439 παρ’
483 2362 673 2424 ἄλλων
702 2364 1000 2440 ἐνδέκομαι.

247 2453 374 2509 Τῶν
400 2450 460 2508 δὲ
488 2455 546 2509 ἐν
583 2451 863 2528 Σαλαμῖνι
902 2453 1234 2530 στρατηγῶν
1274 2450 1483 2530 ἐγίνετο
1524 2449 1769 2528 ὦθισμός
1790 2451 1868 2512 '78

160 2537 359 2617 λόγων
383 2537 618 2601 πολλός·
675 2537 882 2616 ᾔδεσαν
915 2538 974 2596 δὲ
1011 2535 1168 2604 οὔκω,
1197 2535 1285 2594 ὅτι
1312 2536 1497 2610 σφέας
1530 2561 1774 2613 περιεκυ-

164 2624 406 2684 κλέοντο
437 2629 575 2704 τῇσι
611 2627 777 2703 νηυσὶ
812 2629 867 2685 οἱ
900 2624 1211 2702 βάρβαροι·
1270 2620 1419 2691 ἀλλ’,
1454 2621 1641 2700 ὥσπερ
1674 2630 1775 2700 τῆς

163 2711 382 2788 ἡμέρης
450 2712 602 2791 ὥρων
656 2713 853 2776 αὐτοῦς
908 2712 1291 2792 τεταγμένους,
1357 2709 1577 2769 ἐδόκεον
1636 2712 1776 2771 κατοὶ

162 2798 361 2877 χώρην
397 2800 553 2861 εἶναι.
639 2799 1064 2877 Συνεστηκότων
1106 2799 1165 2858 δὲ
1198 2803 1309 2859 τῶν
1342 2803 1686 2879 στρατηγῶν,
1717 2800 1777 2868 ἐξ
1792 2800 1867 2861 79

163 2887 403 2966 Αἰγινης
438 2888 603 2965 διέβη
627 2886 1034 2966 Ἀριστείδηςε
1003 2914 1034 2945 ο
1063 2886 1416 2966 Λυσιμαχου,
1446 2884 1585 2962 ανὴρ
1611 2885 1777 2990 Ἀθη-

164 2977 325 3038 ναῖος
363 2978 486 3086 μὲν,
526 2976 1039 3063 ἐξωστρακισμένος
1078 2974 1203 3033 δὲ’
1171 3001 1280 3033 mro
1312 2980 1413 3034 τοῦ
1440 2973 1636 3048 δήμου·
1676 2970 1778 3029 τὸν

163 3061 283 3141 ε’γω
340 3064 618 3141 νενόμικα,
675 3062 1084 3139 πυνθανόμενος
1151 3060 1319 3122 αὐτοῦ
1384 3060 1484 3120 τὸν
1549 3055 1774 3134 τρόπον,

163 3146 410 3226 ἄριστον
436 3151 609 3229 ἄνδρα
632 3154 948 3232 γενέσθαι’
924 3176 981 3207 εν
1005 3148 1280 3227 Ἀθήνῃσι
1301 3174 1392 3206 και
1372 3142 1776 3204 δικαιότατον·
