2100 3409
272 74 366 122 288
891 68 1258 119 ἯΡοΔοΤοϊ
1563 134 1566 141 ,
1742 69 1863 133 [m

268 149 398 213 τούς
459 148 811 227 δαινυμένους
861 148 1110 225 Πέρσας,
1165 148 1257 205 καὶ
1317 147 1419 207 τόν
1475 146 1724 226 στρατδν
1771 149 1865 210 τᾶν

272 238 539 313 ἐλίπομεν
577 238 668 295 ε’πὶ
707 241 783 314 τῷ
821 239 1055 314 ποταμῷ
1096 234 1709 312 στρατοπεδευόμενονς
1750 237 1864 296 τού·

269 352 378 387 των
414 326 630 385 πάντων
663 323 841 402 ὄψεαι,
874 322 1072 403 ὀλίγου
1111 322 1261 385 τινός
1295 321 1502 401 χρόνου
1542 324 1862 401 διελθόντος,

271 412 498 494 ὀλίγους
522 412 670 475 τινας
706 410 834 474 τούς
868 409 1374 491 περιγενομένους.”
1455 411 1634 471 ταῦτα’,
1663 438 1726 471 τε
1757 412 1866 489 ἅμα

271 499 372 560 τόν
392 501 624 575 Πέρσην
650 500 854 578 λέγειν,
876 498 968 556 καὶ
992 500 1239 574 μετιέναι
1265 500 1461 558 πολλσῖ
1480 503 1592 559 τῶν
1614 500 1865 578 δακρύων·

274 587 437 651 αὐτὸς
489 588 548 646 δὲ
595 586 860 663 θωμάσας
905 585 1005 646 τόν
1053 586 1245 668 λόγον,
1292 590 1464 646 εἰπεῖν
1507 587 1649 664 πρὸς
1686 587 1865 650 αὐτόν·

258 680 311 712 ”“
328 674 501 735 οὐκῶν
534 675 831 754 Μαρδονίῳ
864 701 926 735 τε
965 679 1144 734 ταῦτα
1183 673 1350 754 χρεόν
1382 680 1507 734 ε’στι
1544 675 1745 756 λέγειν,
1785 677 1870 736 καὶ

271 767 423 823 τοῖσι
453 761 572 840 μετ’
602 766 807 822 ἐκεῖνον
839 767 897 822 ἐν
928 763 1054 839 αἴνῃ
1092 767 1249 822 ἐοῦσι
1288 764 1559 839 Περσέων
1577 762 1626 832 ;”
1677 763 1778 823 τὸν
1815 764 1870 823 δὲ

271 851 416 927 μετὰ
438 855 614 911 ταῦτα
647 853 836 910 εἰπεῖν·
878 860 915 884 “
929 850 1085 922 ξεῖνε,
1126 849 1160 910 ὅ
1190 876 1247 910 τι
1277 851 1363 909 δεῖ
1393 851 1661 931 γενέσθαι
1692 857 1754 911 ἐκ
1777 848 1870 911 τοῦ

277 938 405 998 θεοῦ
471 937 760 1017 ἀμήχανον
827 937 1141 1016 ἀποτρέψαι
1207 936 1494 1018 σῖνθρῶπῳ·
1578 938 1705 998 οὐδὲ
1769 939 1873 1019 γὰρ

274 1025 453 1085 πιστοὶ
497 1024 732 1107 λέγουσι
778 1027 956 1086 ἐθέλει
999 1020 1294 1086 πείθεσθαι
1337 1027 1529 1089 οὐδείς·
1599 1032 1775 1087 ταῦτα
1817 1027 1874 1087 δὲ

275 1114 542 1190 Περσέων
600 1114 800 1193 συχνοὶ
865 1113 1224 1190 ἐπιστάμενοι
1293 1113 1540 1189 ἑπόμεθα
1608 1114 1875 1196 ἀναγκαίῃ

279 1201 629 1279 ἐνδεδεμένοι·
673 1202 907 1280 ἐχθίστη
949 1202 1007 1261 δὲ
1052 1201 1216 1277 ὀδύνη
1259 1204 1379 1260 ε’στὶ
1421 1206 1533 1261 τῶν
1574 1207 1634 1260 ἐν
1673 1201 1874 1278 οἷνθρῶ-

277 1316 439 1350 ποισι
486 1289 640 1366 αὕτη,
687 1282 881 1349 πολλὰ
937 1291 1245 1365 φρονέοντα
1295 1290 1528 1366 μηδενὸς
1581 1291 1848 1365 κρατέειν.

275 1382 451 1438 ταῦτα
475 1403 578 1453 μεν
602 1381 703 1435 τοῦ
741 1376 1110 1455 Ὀρχομενίου
1142 1375 1497 1453 Θερσάνδρου
1539 1376 1757 1452 ἤκουον,
1786 1379 1876 1439 καὶ

275 1463 407 1525 τάδε
451 1465 590 1540 πρὸς
640 1462 910 1533 τούτοισι,
953 1464 1024 1527 ὥς
1065 1463 1228 1526 αυτ-ὂς
1268 1463 1462 1523 αὐτίκα
1504 1465 1665 1545 λέγοι
1703 1470 1877 1526 ταῦτα

276 1549 417 1626 πρὸς
443 1549 760 1627 ἀνθρώπους
794 1551 1065 1629 πρότερον
1094 1549 1132 1628 ἢ
1168 1552 1488 1632 γενέσθαι’
1462 1578 1520 1611 εν
1548 1557 1877 1632 Πλαταιῇσι

277 1639 379 1714 τὴν
403 1637 610 1718 μάχην-

186 1727 263 1788 1¹7
361 1727 680 1803 Μαρδονίου
710 1728 771 1786 δὲ
807 1733 865 1787 ἐν
893 1732 966 1807 τῇ
1001 1728 1240 1808 Βοιωτίῃ
1277 1724 1876 1806 στρατοπεδευομένου,

279 1816 333 1873 οἶ
383 1817 487 1890 μὲν
539 1814 709 1874 ἄλλοι
761 1816 1094 1894 παρείχοντο
1148 1815 1388 1879 ἅπαντες
1442 1817 1730 1893 στρατιήν,
1787 1818 1878 1877 καὶ

279 1904 672 1978 συνεσέβαλον
699 1909 754 1965 ἐς
776 1902 1016 1986 Ἀθήνας
1041 1903 1276 1979 ὅσοιπερ
1306 1904 1563 1980 ἐμήδιζον
1587 1904 1879 1980 Ἑλλήνων

277 2014 389 2048 των
421 1988 596 2067 ταύτῃ
633 1991 949 2066 οἰκημένων·
989 1995 1189 2067 μοῦνοι
1225 1991 1285 2050 δὲ
1316 1993 1528 2055 Φωκέες
1557 2019 1622 2052 ου
1649 1994 1876 2053 συνεσέ-

277 2077 485 2151 βαλον·
548 2076 802 2153 ἐμήδιζον
854 2077 963 2157 γοὶρ
1018 2079 1087 2154 δὴ
1134 2080 1364 2156 σφόδρα
1415 2080 1506 2137 καὶ
1557 2105 1728 2149 ουτοι,
1777 2106 1877 2140 ουκ

283 2163 496 2228 εκόντες
525 2164 655 2223 ἄλλ’
681 2163 772 2223 ὕπ’
800 2164 1119 2278 ἀναγκαίης·
1161 2168 1406 2244 ἡμέρῃσι
1434 2168 1493 2226 δὲ
1521 2194 1586 2226 ου
1619 2171 1876 2247 πολλῇσι

275 2276 418 2326 μετα
443 2251 546 2325 τὴν
572 2250 759 2319 απιξιν
785 2252 887 2326 τὴν
908 2258 962 2316 ἐς
989 2253 1240 2329 Θήβας
1209 2280 1460 2330 υστερον,
1490 2254 1670 2329 ἦλθον
1696 2254 1877 2316 αὖτῶν

277 2335 505 2395 ὁπλῖται
535 2337 729 2414 χίλιοι·
771 2336 875 2418 ἦγε
908 2339 967 2398 δὲ
1004 2341 1201 2404 αὐτοῦς
1225 2340 1574 2421 Ἁρμοκύδης
1601 2341 1743 2420 ἀνὴρ
1768 2346 1879 2403 τῶν

278 2422 467 2482 οἷστῶν
508 2424 895 2501 δοκιμώτατος·
957 2429 1074 2485 ἐπεὶ
1112 2428 1171 2487 δὲ
1212 2427 1450 2488 ἀπίκατο
1494 2430 1588 2488 καὶ
1630 2427 1784 2490 οὗτοι
1823 2436 1880 2495 ές

278 2510 491 2594 Θήβας,
518 2513 743 2590 πέμψας
772 2513 803 2573 ὁ
830 2514 1147 2592 Μαρδόνιος
1174 2518 1388 2586 ἱππέας,
1412 2518 1678 2577 ἐκέλευσέ
1694 2524 1880 2593 σφεας

278 2597 364 2656 ἐπ’
404 2602 612 2659 ἑωυτῶν
671 2606 729 2660 ἐν
781 2607 858 2680 τῷ
912 2603 1080 2682 πεδίῳ
1140 2604 1373 2674 ἵζεσθαι·
1445 2607 1565 2663 ἐπεὶ
1613 2606 1674 2664 δὲ
1732 2606 1880 2665 ἔποί·

270 2711 426 2761 ησαν
465 2692 656 2756 ταῦτα,
701 2688 894 2747 αὐτίκα
935 2695 1124 2766 παρῆν
1166 2690 1205 2767 ἦ
1251 2693 1419 2754 ἵππος
1466 2692 1681 2752 ἅπασα·
1736 2694 1883 2770 μετὰ

279 2772 339 2830 δὲ
379 2776 569 2842 ταῦτα,
612 2774 866 2848 διεξῆλθε
905 2779 1007 2851 μὲν
1063 2776 1154 2836 διοῖ
1207 2782 1307 2837 τοῦ
1354 2780 1738 2856 στρατοπέδου
1777 2786 1883 2842 τοῦ

278 2856 630 2965 Ἑλληνικοῦ
677 2866 777 2919 τοῦ
836 2862 978 2936 μετὰ
1040 2864 1252 2940 Μήδων
1311 2866 1497 2931 ἐόντος
1549 2868 1749 2975 φήμη,
1808 2870 1883 2933 οἷς

286 2951 630 3006 κατακοντιεῖ
666 2947 866 3022 σφέας·
922 2949 1177 3025 διεξῆλθε
1219 2952 1278 3010 δὲ
1320 2952 1387 3011 δι’
1428 2954 1607 3015 αὐτῶν
1648 2957 1884 3017 Φωκέων

279 3030 452 3092 τῶυτδ
487 3037 671 3093 τοῦτο·
713 3035 842 3093 ἔνθα
874 3035 942 3111 δή
980 3044 1091 3112 σφι
1124 3038 1156 3098 6
1193 3041 1510 3121 στρατηγὸς
1533 3041 1888 3156 Αρμοκύδης

283 3121 542 3194 παραίνεε
583 3122 764 3200 λέγων
803 3120 1005 3181 τοιαδε·
1062 3134 1097 3160 “
1115 3153 1157 3183 ω
1198 3128 1425 3197 Φωκέες,
1467 3130 1727 3206 πρόδηλα
1768 3158 1888 3214 γαρ

284 3200 370 3260 ὅτι
408 3205 580 3280 ἡμέας
634 3231 786 3265 ουτοι
841 3232 893 3265 οι
946 3207 1225 3287 ἅνθρωποι
1276 3215 1561 3290 μέλλουσι
1613 3218 1892 3304 προόπτῳ
