2100 3409
155 70 471 137 ρος-208]
795 75 1169 124 IIOATMNIA.
1689 83 1784 131 205

153 150 621 230 Κλεομβρότου,
650 149 835 233 (οὗτος
851 153 962 235 γὰρ
981 153 1052 230 ἦν
1072 153 1339 218 νεώτατος
1353 155 1786 236 Ἀναξανδρίδεω

152 241 350 321 παῖς,)
380 241 478 299 καὶ
502 239 573 317 δὴ
596 241 688 299 καὶ
716 240 832 319 εἶχε
860 243 1212 319 Κλεομένεος
1239 244 1533 323 θυγατέρα·
1566 242 1629 306 ὃς
1652 243 1782 304 τότε

153 330 251 407 ἤϊε
306 335 368 394 ἐς
420 327 810 406 Θερμοπύλας,
855 329 1251 407 ἐπιλεξάμενος
1303 331 1505 408 ἄνδρας
1548 356 1612 390 τε
1655 331 1784 395 τούς

156 421 563 481 κατεστεῶτας
586 416 940 493 τριηκοσίους
966 418 1060 476 καὶ
1083 422 1238 479 τοῖσι
1263 418 1568 499 ἐτύγχανον
1590 419 1783 482 παῖδες

159 507 379 569 ἐόντες·
420 503 774 582 παραλαβών
800 504 860 564 δὲ
885 504 1115 566 ἀπίκετο
1152 507 1245 565 καὶ
1277 508 1545 582 Θηβαίων
1568 506 1699 569 τοῦς
1724 511 1781 570 ἐς

156 594 269 654 τᾶν
323 591 573 670 ἀριθμὸν
626 590 1004 672 λογισάμενος
1056 593 1229 664 εἶπον,
1283 598 1394 655 τῶν
1442 594 1781 675 ἐστρατήγεε

159 680 517 755 Λεοντιάδης
554 678 588 738 ὅ
624 678 985 759 Εὐρυμάχου·
1035 681 1199 740 τοῦδε
1238 681 1298 740 δὲ
1339 682 1518 741 εἵνεκα
1545 682 1776 746 τούτους

162 767 436 843 σπουδήν
463 766 769 843 ἐποιήσατο
794 767 1072 844 Λεωνίδης
1098 768 1335 846 μούνους
1351 767 1641 845 Ἑλλήνων
1674 795 1779 830 πα·

162 858 475 933 ραλαβεῖν,
502 855 591 915 ὅτι
618 855 812 930 σφέων
845 855 1105 936 μεγάλως
1140 857 1487 938 κατηγόρητο
1510 857 1776 934 μηδίζειν·

163 943 490 1020 παρεκάλεε
530 942 606 1002 ὦν
645 948 701 1006 ἐς
737 942 838 1003 τᾶν
882 943 1154 1020 πόλεμον,
1198 945 1377 1005 θέλων
1424 922 1620 1004 εἰδέναι
1669 947 1776 1006 εἴτε

166 1030 607 1107 συμπέμψουσι,
644 1031 754 1089 εἴτε
795 1030 888 1089 καὶ
923 1030 1225 1108 ἀπερέουσι
1261 1037 1322 1090 ἐκ
1358 1037 1459 1092 τοῦ
1497 1034 1775 1108 ἐμφανέος

166 1118 278 1193 τὴν
329 1117 622 1193 Ἑλλήνων
671 1117 1019 1196 συμμαχίην·
1081 1121 1137 1178 οἱ
1187 1118 1248 1178 δὲ
1298 1118 1779 1195 ἀλλοφρονέοντες

168 1205 444 1282 ἔπεμπον.

254 1293 499 1356 Τούτους
530 1295 635 1369 μὲν
668 1292 800 1357 τοῦς
834 1292 987 1371 ἀμφὶ
1021 1293 1300 1371 Λεωνῶην
1324 1294 1576 1372 πρώτους
1601 1293 1729 1354 ἀπέ-
1751 1296 1869 1356 206

167 1389 407 1459 πεμψαν
449 1382 811 1458 Σπαρτιῆται,
841 1382 931 1443 ἵνα
968 1381 1198 1446 τούτους
1237 1381 1470 1459 ὁρῶντες
1510 1386 1563 1442 οἱ
1602 1381 1785 1443 ἄλλοί

169 1468 471 1548 σύμμαχοι
506 1469 932 1545 στρατεύωνται·
978 1470 1121 1546 μηδὲ
1154 1472 1246 1529 καὶ
1276 1469 1429 1531 οὗτοι
1468 1472 1771 1547 μηδίσωσι,

167 1555 243 1632 ἦν
272 1554 473 1620 αὐτοῦς
505 1556 885 1618 πυνθάνωνται
919 1557 1470 1635 ὖπερβαλλομένους·
1522 1559 1664 1635 μετά
1696 1560 1771 1630 δὲ,

169 1645 427 1721 Κάρνεια
457 1644 570 1727 γάρ
606 1651 719 1721 σφι
756 1643 828 1720 ἦν
860 1645 1130 1722 ἐμποδὼν,
1166 1647 1406 1721 ἔμελλον
1432 1645 1772 1723 ὁρτάσαντες

169 1733 268 1792 καὶ
309 1731 570 1809 φυλακὰς
608 1733 866 1796 λιπόντες
906 1738 964 1793 ἐν
1001 1738 1075 1811 τῇ
1116 1731 1369 1810 Σπάρτῃ,
1410 1733 1549 1792 κατά
1602 1734 1773 1811 τάχος

166 1821 439 1898 βοηθέειν
462 1820 754 1897 πανδημεί.
837 1819 908 1884 ὣς
942 1820 1002 1879 δὲ
1039 1821 1134 1878 καὶ
1166 1822 1222 1879 οἱ
1255 1819 1449 1878 λοιποὶ
1483 1824 1594 1879 τῶν
1629 1846 1772 1896 συμ-

165 1907 372 1989 μάχων
412 1912 667 1969 ε’νενῶντο
705 1910 799 1968 καὶ
834 1906 990 1967 αὐτοὶ
1032 1909 1191 1985 ἔτερα
1226 1910 1458 1968 τοιαῦτα
1492 1907 1770 1982 ποιήσειν·

165 1995 243 2073 ἦν
266 1996 381 2079 γάρ
410 1996 550 2056 κατά
574 1995 750 2057 ταῖσι-ὂ
775 1995 1095 2074 Ὀλυμπιᾶς
1127 1994 1381 2056 τούτοισι
1413 1998 1568 2055 τοῖσι
1593 1995 1771 2076 πρήγ-

166 2110 320 2163 μασι
371 2087 769 2162 συμπεσοῦσα·
836 2082 1013 2144 οὔκων
1075 2084 1358 2148 δοκέοντες
1411 2082 1551 2143 κατὰ
1602 2083 1775 2162 τάχος

168 2172 317 2234 οὕτω
343 2172 806 2250 διακριθήσεσθαι
839 2171 941 2233 τόν
977 2178 1035 2232 ἐν
1070 2172 1477 2252 Θερμοπύλῃσι
1502 2171 1769 2249 πόλεμον,

170 2262 423 2339 ἔπεμπον
435 2261 565 2324 τους
584 2260 950 2338 προδρόμους.
995 2259 1170 2320 Οὗτοι
1189 2263 1293 2337 μὲν
1312 2260 1380 2336 δή
1403 2259 1545 2319 οὕτω
1564 2261 1727 2320 διενε-
1745 2260 1863 2322 207

168 2353 344 2410 νῶντο
394 2348 675 2423 ποιήσειν·
722 2351 777 2407 οἱ
820 2348 882 2407 δὲ
928 2352 988 2407 ἐν
1028 2347 1437 2425 Θερμοπύλῃσι
1473 2348 1770 2424 Έλληνες,

170 2435 362 2512 ἐπειδὴ
388 2437 568 2499 πέλας
594 2436 812 2516 ἐγένετο
836 2439 938 2510 τῆς
963 2438 1221 2510 ἐσβολῆς
1238 2434 1272 2494 ὅ
1293 2436 1540 2512 Πέρσης,
1569 2462 1767 2514 καταρ-

166 2524 485 2602 ρωδέοντες,
511 2522 882 2599 ἐβουλεύοντο
919 2524 1048 2599 περὶ
1086 2520 1445 2602 ἀπαλλαγῆς·
1485 2527 1638 2582 τοῖσι
1668 2524 1775 2600 μέν

167 2638 269 2673 νυν
319 2610 558 2671 ἄλλοισι
609 2610 1130 2687 Πελοποννησίοισι
1182 2606 1382 2679 ἐδόκεε,
1431 2611 1665 2669 ἐλθοῦσι
1719 2616 1775 2675 ἐς

168 2697 619 2774 Πελοπόννησον
640 2697 744 2759 τόν
764 2697 1001 2775 Ἰσθμόν
1027 2699 1173 2777 ἔχειν
1201 2701 1270 2756 ἐν.
1285 2700 1533 2776 φυλακῇ·
1575 2700 1773 2758 Λεωνί-

168 2787 267 2863 δης
313 2787 393 2856 δὲ,
442 2787 672 2847 Φωκέων
719 2786 812 2845 καὶ
836 2790 1085 2863 ,Λοκρῶν
1131 2784 1650 2863 περισπερχεόντων
1700 2790 1774 2865 τῇ

165 2875 365 2956 γνώμῃ
404 2872 595 2952 ταύτῃ,
641 2872 816 2934 αύτοῦ
852 2899 915 2933 τε
954 2872 1141 2949 μένειν
1187 2873 1492 2950 ἐψηφίζετο
1530 2874 1776 2948 πέμπειν

164 2987 229 3022 τε
265 2962 545 3042 ἀγγέλους
577 2966 633 3024 ἐς
659 2960 762 3024 τάς
793 2958 995 3022 πόλιας
1031 2959 1359 3021 κελεύοντάς
1394 2966 1506 3034 σφι
1542 2959 1775 3031 ἐπιβοη-

168 3050 334 3118 θέειν,
364 3048 436 3111 ὦς
463 3048 658 3109 ἐόντων
695 3046 875 3107 αὐτῶν
901 3046 1111 3127 ὀλίγων
1143 3045 1389 3123 στρατὸν
1422 3050 1537 3105 τῶν
1564 3042 1776 3109 Μήδων

166 3136 505 3206 ἀλέξασθαι.
1459 3179 1474 3191 .

251 3226 447 3284 Ταῦτα
474 3224 897 3301 βουλευομένων
922 3218 1133 3298 σφέων,
1164 3223 1375 3296 ἔπεμπε
1405 3216 1613 3293 Ξέρξης
1639 3239 1732 3274 κα·
1750 3216 1870 3278 208
