2100 3409
381 51 475 101 174
993 46 1360 98 mmmmm*
1825 11 2024 116 1'

379 128 588 204 θάρσος
634 125 706 191 ὥς
748 124 932 188 οὐδὲν.
944 125 1271 208 πεισόμενοι
1304 125 1496 212 ἄχαρι
1516 151 1683 229 προς
1695 130 1799 187 τοῦ
1840 128 1975 205 βαρ-

378 215 580 293 βάρου·
637 217 690 274 οἶ
731 215 789 274 δὲ
831 214 894 274 οὗ
936 213 1122 278 δόντες
1164 219 1222 274 ἐν
1262 214 1478 291 δείματι
1516 200 1751 296 μεγάλω
1786 216 1973 275 κατέσ-

376 329 574 373 τασαν,
604 303 701 362 ἅτε
729 301 851 361 οὔτε
879 306 1013 362 νεῶν
1040 302 1332 361 ἐουσέων’
1307 328 1364 362 εν
1390 306 1462 381 τῇ
1481 301 1725 362 Ἑλλάδι
1744 301 1972 380 αριθμόν

378 390 694 469 ἀξιομάχων
735 389 994 449 δέκεσθαι
1032 388 1132 450 τὸν
1172 389 1414 460 ἐπιόντα,
1443 388 1570 450 οὔτε
1615 391 1969 467 βουλομένων

376 483 485 539 τῶν
505 481 739 536 πολλῶν
754 475 1135 537 ἀντάπτεσθαι
1153 503 1253 538 του
1227 477 1545 554 πολέμου,
1560 477 1899 554 μηδιζόντων
1916 477 1967 537 δὲ

284 568 397 627 139
416 564 728 641 προθύμως.
810 563 1088 625 Ἐνθαῦτα
1120 564 1393 645 α’ναγκαίῃ
1427 565 1726 645 ἐξέργομαι
1755 589 1963 646 γνωμην

377 653 757 721 ἀποδέξασθαι
797 654 1104 728 ἐπίφθονον
1142 654 1245 728 μὲν
1284 678 1426 729 προς
1460 655 1570 712 τῶν
1601 652 1918 713 πλεόνων’
1885 679 1960 712 αν-

377 740 630 817 θρώπων·
673 739 819 817 ὅμως
850 739 926 809 δὲ,
962 744 1035 819 τῇ
1066 741 1137 821 γέ
1165 765 1263 816 μοι
1306 738 1562 816 φαίνεται
1588 741 1730 801 εἶναι
1755 739 1956 815 ἀληθὲς,

377 827 475 888 οὐκ
519 829 829 907 ἐπισχήσω·
888 830 936 887 εἰ
972 827 1261 903 Ἀθηναῖοι
1310 827 1835 903 καταρρωδήσαντες
1876 827 1959 886 τᾶν

376 916 600 976 ἐπιόντα
642 916 887 977 κίνδυνον
929 915 1187 985 ἐξέλιπον
1216 909 1321 991 τήν
1357 916 1658 993 σφετέρην,
1691 913 1731 991 ἦ
1773 914 1861 974 καὶ
1889 914 1957 991 μή

377 1004 694 1067 ἐκλιπόντες
742 1003 895 1063 ἀλλὰ
947 1004 1229 1080 μείναντες
1284 1003 1485 1062 ἔδοσαν
1539 1005 1725 1080 σφέας
1776 1001 1955 1064 αὐτοῦς

373 1094 571 1171 Ξέρξῃ,
619 1092 759 1151 κατοί
799 1091 903 1167 τήν
944 1090 1249 1151 θάλασσαν
1290 1089 1522 1167 οὐδαμοὶ
1564 1089 1636 1150 ἂν
1684 1095 1953 1167 ἐπειρῶντο

374 1179 711 1256 άντιεύμενοι
746 1179 1007 1256 βασιλέῖ·
1059 1183 1107 1238 εἷ
1140 1178 1323 1239 τοίνυν
1361 1178 1501 1238 κατσῖ
1534 1178 1639 1255 τήν
1674 1179 1953 1240 θάλασσαν

372 1269 561 1346 μηδεὶς
614 1268 870 1343 ἠντιοῦτο
917 1267 1115 1345 Ξέρξῃ,
1168 1265 1310 1325 κατά
1359 1292 1427 1347 γε
1478 1264 1548 1325 ἂν
1599 1266 1704 1343 τήν
1748 1267 1952 1345 ἤπειρον

372 1355 555 1415 τοιάδε
592 1357 818 1434 ἐγίνετο·
870 1358 917 1413 εἰ
953 1355 1045 1412 καὶ
1071 1354 1284 1413 πολλοὶ
1317 1353 1543 1432 τειχέων
1579 1354 1860 1418 κιθῶνες’
1825 1381 1951 1431 ησαν

376 1442 711 1517 ἐληλαμένοι
749 1441 840 1501 διὰ
874 1446 973 1501 τοῦ
1006 1441 1245 1520 Ἰσθμοῦ
1279 1444 1813 1518 Πελοποννησίοισι,
1839 1468 1948 1520 προ-

373 1528 688 1592 δοθέντες*
656 1556 723 1588 αν
758 1528 1186 1607 Λακεδαιμόνιοι
1222 1529 1334 1590 ὖπὸ
1370 1533 1481 1589 τῶν
1507 1530 1835 1611 συμμάχων,
1869 1529 1948 1590 οὖκ

374 1617 603 1678 ἐκόντων
644 1616 777 1678 ἀλλ’
817 1616 910 1676 υπ’
964 1616 1280 1700 ἀναγκαίης,
1338 1644 1478 1677 κατα
1530 1618 1696 1681 πόλις
1748 1618 1946 1679 αλισκο-

371 1708 550 1785 μένων
600 1707 709 1767 ὖπό
756 1711 859 1766 τοῦ
899 1710 1158 1767 ναυτικοῦ
1209 1710 1455 1784 στρατοῦ
1501 1709 1604 1766 τοῦ
1649 1705 1943 1785 βαρβάρου,

373 1794 786 1871 ἐμουνωθησαν·
834 1780 1205 1872 μουνωθέντες
1240 1794 1299 1853 δέ
1331 1792 1413 1867 ἂν,
1451 1793 1542 1852 καὶ
1575 1791 1943 1872 ἀποδεξάμενοι

374 1885 508 1963 ἔργα
544 1883 784 1964 μεγάλα,
814 1881 1093 1942 άπέθανον
1128 1882 1405 1963 γενναίως
1486 1879 1523 1957 ἦ
1549 1885 1725 1941 ταῦτα
1751 1880 1816 1942 ἂν
1839 1882 1940 1940 ἐπα·

373 1972 488 2040 θον,
530 1969 567 2046 ἢ
607 1972 716 2048 πρὸ
758 1975 876 2039 τοῦ,
915 1969 1173 2044 ὄρέωντες
1208 1967 1276 2028 ἂν
1313 1970 1405 2027 καὶ
1440 1969 1569 2031 τοῦς
1605 1967 1814 2033 ἄλλους
1831 1968 1939 2028 Ἐλ-

372 2061 543 2134 ληνας
595 2058 939 2135 μηδίζοντας,
995 2056 1272 2137 ὁμολογίῃ
1330 2055 1400 2116 ἂν
1462 2056 1778 2134 ἐχρήσαντο
1830 2054 1938 2132 πρός

371 2147 600 2221 Ξέρξεα·
647 2144 736 2202 καὶ
768 2144 905 2203 οὕτω
933 2143 1000 2204 ἂν
1028 2142 1112 2203 ἐπ’
1139 2143 1435 2221 ἀμφότερα
1459 2143 1498 2219 ἦ
1523 2143 1739 2208 Ἑλλάς
1766 2145 1936 2229 ἐγίνετο

370 2232 480 2291 ὑπὸ
525 2233 809 2309 Πέρσῃσι·
866 2230 971 2308 τὴν
1010 2230 1122 2313 γὰρ
1168 2230 1419 2308 ὠφελίην
1458 2231 1565 2307 τήν
1603 2236 1715 2293 τῶν
1752 2230 1937 2312 τειχέων

370 2323 480 2379 τῶν
507 2317 596 2376 διοὶ
632 2322 732 2378 τοῦ
767 2318 1002 2396 Ἰσθμοῦ
1030 2321 1388 2397 ἐληλαμένων
1415 2319 1481 2380 οὔ
1507 2318 1744 2397 δύναμαι
1767 2318 1934 2379 πυθέσ·

374 2407 467 2466 θαι
502 2406 623 2483 ἥτις
659 2404 726 2466 ἂν
761 2405 845 2484 ἦν,
873 2408 1154 2483 βασιλέος
1189 2408 1609 2485 ἐπικρατέοντος
1630 2411 1735 2485 τῆς
1758 2405 1933 2468 θαλάσ·

372 2521 496 2571 σης·
530 2499 627 2555 νῦν
655 2495 712 2554 δὲ
737 2494 1066 2571 Ἀθηναίους
1092 2493 1165 2556 ἄν
1189 2521 1274 2560 τις
1299 2496 1480 2576 λέγων
1507 2499 1766 2573 σωτῆρας
1781 2492 1932 2576 γενέσ-

373 2585 466 2643 θαι
517 2587 616 2660 τῆς
661 2583 953 2653 Ἑλλάδος,
1004 2581 1104 2642 οὐκ
1151 2581 1221 2643 ἂν
1266 2582 1573 2660 ἁμαρτάνοι
1625 2583 1694 2643 τὰ
1749 2578 1933 2657 ἀληθές·

370 2669 522 2732 οὗτοι
561 2673 669 2753 γοὶρ
714 2672 804 2731 ἐπὶ
846 2670 1082 2749 ὁκότερα
1120 2674 1231 2732 τῶν
1270 2670 1614 2753 πρηγμάτων
1651 2669 1934 2747 ἐτράποντο,

373 2764 549 2819 ταῦτα
573 2760 762 2837 ῥέψειν
790 2761 1011 2835 ἔμελλε·
1054 2758 1311 2836 ἑλόμενοι
1337 2759 1398 2819 δέ
1422 2758 1526 2835 τὴν
1542 2757 1797 2818 Ἑλλάδα
1815 2779 1936 2832 περι·

371 2852 508 2908 εῖναι
537 2848 847 2923 ἐλευθέρην,
873 2851 1041 2907 τοῦτο
1066 2847 1132 2908 τό
1157 2846 1495 2924 Ἑλληνικόν
1519 2851 1636 2909 πᾶν
1659 2845 1727 2908 τὸ
1752 2842 1934 2915 λοιπόν,

373 2937 511 2998 ὅσον
535 2934 619 3013 μή
653 2934 897 3011 ἐμήδισε,
929 2934 1088 2995 αὐτοὶ
1124 2931 1277 2995 οὗτοι
1307 2934 1459 3011 ἦσαν
1491 2938 1544 2994 οἱ
1576 2935 1933 3016 ἐπεγείραντες,

372 3028 461 3085 καὶ
488 3023 744 3102 βασιλέα
767 3022 911 3100 μετά
932 3049 1000 3103 γε
1028 3021 1187 3086 θεοῧς
1213 3021 1583 3100 ἀνωσάμενοι·
1627 3021 1757 3082 οὖδέ
1786 3026 1937 3097 σφεας

369 3113 688 3192 χρηστήρια
716 3110 942 3187 φοβερᾶ
969 3110 1206 3171 ἐλθόντα
1233 3115 1293 3170 ἐκ
1322 3115 1582 3186 Δελφῶν,
1615 3111 1708 3170 καὶ
1734 3115 1785 3173 ἐς
1807 3109 1937 3185 δεῖμα

373 3202 648 3276 βαλόντα,
680 3201 868 3258 ἔπεισε
905 3202 1153 3259 ἐκλιπεῖν
1184 3196 1290 3269 τήν
1311 3197 1585 3258 Ἑλλάδα·
1627 3197 1783 3258 ἀλλὰ
1804 3219 1937 3258 κατα·
