<?xml version="1.0" encoding="UTF-8"?>
<!DOCTYPE html PUBLIC "-//W3C//DTD XHTML 1.0 Transitional//EN"
    "http://www.w3.org/TR/xhtml1/DTD/xhtml1-transitional.dtd">
<html xmlns="http://www.w3.org/1999/xhtml" xml:lang="en" lang="en">
 <head>
  <title>
</title>
<meta http-equiv="Content-Type" content="text/html;charset=utf-8" />
  <meta name='ocr-system' content='tesseract 3.04.00' />
  <meta name='ocr-capabilities' content='ocr_page ocr_carea ocr_par ocr_line ocrx_word'/>
</head>
<body>
  <div class='ocr_page' id='page_1' title='image "./herodotus00unkngoog/herodotus00unkngoog_0048.png"; bbox 0 0 2100 3409; ppageno 0'>
   <div class='ocr_carea' id='block_1_1' title="bbox 165 49 1888 3275">
    <p class='ocr_par' dir='ltr' id='par_1_1' title="bbox 258 49 1888 650">
     <span class='ocr_line' id='line_1_1' title="bbox 262 49 1868 113; baseline -0.002 -12"><span class='ocrx_word' id='word_1_1' title='bbox 262 54 325 101; x_wconf 81' lang='lat'>36</span> <span class='ocrx_word' id='word_1_2' title='bbox 855 50 1229 98; x_wconf 71' lang='grc' dir='ltr'>-ἫΡοΔοῑῑότ</span> <span class='ocrx_word' id='word_1_3' title='bbox 1770 49 1868 113; x_wconf 79' lang='lat' dir='ltr'>[V.</span> 
     </span>
     <span class='ocr_line' id='line_1_2' title="bbox 258 125 1874 209; baseline -0.001 -19"><span class='ocrx_word' id='word_1_4' title='bbox 258 157 350 193; x_wconf 99' lang='grc' dir='ltr'>τες</span> <span class='ocrx_word' id='word_1_5' title='bbox 383 127 622 209; x_wconf 81' lang='grc' dir='ltr'>ἐχούσης</span> <span class='ocrx_word' id='word_1_6' title='bbox 648 134 703 192; x_wconf 85' lang='grc' dir='ltr'>ἐς</span> <span class='ocrx_word' id='word_1_7' title='bbox 726 127 1076 204; x_wconf 88' lang='grc' dir='ltr'>Ἀθηναίους,</span> <span class='ocrx_word' id='word_1_8' title='bbox 1103 126 1232 188; x_wconf 85' lang='grc' dir='ltr'>τότε</span> <span class='ocrx_word' id='word_1_9' title='bbox 1259 126 1525 201; x_wconf 82' lang='grc' dir='ltr'>Θηβαίων</span> <span class='ocrx_word' id='word_1_10' title='bbox 1566 125 1874 201; x_wconf 79' lang='grc' dir='ltr'>δεηθέντων</span> 
     </span>
     <span class='ocr_line' id='line_1_3' title="bbox 263 215 1870 294; baseline -0.002 -17"><span class='ocrx_word' id='word_1_11' title='bbox 263 218 515 294; x_wconf 86' lang='grc' dir='ltr'>πόλεμον</span> <span class='ocrx_word' id='word_1_12' title='bbox 543 217 851 293; x_wconf 74' lang='grc' dir='ltr'>ἀκήρυκτον</span> <span class='ocrx_word' id='word_1_13' title='bbox 876 215 1230 293; x_wconf 85' lang='grc' dir='ltr'>Ἀθηναίοισι</span> <span class='ocrx_word' id='word_1_14' title='bbox 1260 215 1551 289; x_wconf 83' lang='grc' dir='ltr'>ἐπέφερον·</span> <span class='ocrx_word' id='word_1_15' title='bbox 1598 217 1870 290; x_wconf 77' lang='grc' dir='ltr'>ἐπικειμέ-</span> 
     </span>
     <span class='ocr_line' id='line_1_4' title="bbox 259 301 1872 387; baseline -0.002 -22"><span class='ocrx_word' id='word_1_16' title='bbox 259 333 365 372; x_wconf 80' lang='grc' dir='ltr'>νων</span> <span class='ocrx_word' id='word_1_17' title='bbox 406 305 515 387; x_wconf 70' lang='grc' dir='ltr'>γὰρ</span> <span class='ocrx_word' id='word_1_18' title='bbox 563 304 741 364; x_wconf 70' lang='grc' dir='ltr'>αὖτῶν</span> <span class='ocrx_word' id='word_1_19' title='bbox 782 309 1099 373; x_wconf 84' lang='grc' dir='ltr'>Βοιωτοῖσι,</span> <span class='ocrx_word' id='word_1_20' title='bbox 1147 301 1568 365; x_wconf 74' lang='grc' dir='ltr'>ἐπιπλώσαντες</span> <span class='ocrx_word' id='word_1_21' title='bbox 1613 306 1872 379; x_wconf 73' lang='grc' dir='ltr'>μακρῇσι</span> 
     </span>
     <span class='ocr_line' id='line_1_5' title="bbox 260 388 1888 471; baseline -0.002 -19"><span class='ocrx_word' id='word_1_22' title='bbox 260 396 425 471; x_wconf 87' lang='grc' dir='ltr'>νηυσὶ</span> <span class='ocrx_word' id='word_1_23' title='bbox 469 399 522 456; x_wconf 87' lang='grc' dir='ltr'>ἐς</span> <span class='ocrx_word' id='word_1_24' title='bbox 563 392 666 468; x_wconf 80' lang='grc' dir='ltr'>τὴν</span> <span class='ocrx_word' id='word_1_25' title='bbox 701 393 977 470; x_wconf 41' lang='grc' dir='ltr'>ΪΑττικῆν,</span> <span class='ocrx_word' id='word_1_26' title='bbox 1019 391 1160 452; x_wconf 81' lang='grc' dir='ltr'>κατοὶ</span> <span class='ocrx_word' id='word_1_27' title='bbox 1203 393 1305 468; x_wconf 74' lang='grc' dir='ltr'>μὲν</span> <span class='ocrx_word' id='word_1_28' title='bbox 1346 392 1548 466; x_wconf 75' lang='grc' dir='ltr'>ἔσυραν</span> <span class='ocrx_word' id='word_1_29' title='bbox 1583 388 1888 467; x_wconf 78' lang='grc' dir='ltr'>Φάληρον,·</span> 
     </span>
     <span class='ocr_line' id='line_1_6' title="bbox 262 478 1869 558; baseline -0.003 -17"><span class='ocrx_word' id='word_1_30' title='bbox 262 482 401 542; x_wconf 81' lang='grc' dir='ltr'>κατοὶ</span> <span class='ocrx_word' id='word_1_31' title='bbox 429 482 489 540; x_wconf 85' lang='grc' dir='ltr'>δὲ</span> <span class='ocrx_word' id='word_1_32' title='bbox 515 486 615 555; x_wconf 84' lang='grc' dir='ltr'>τῆς</span> <span class='ocrx_word' id='word_1_33' title='bbox 647 480 830 557; x_wconf 78' lang='grc' dir='ltr'>ἄλλης</span> <span class='ocrx_word' id='word_1_34' title='bbox 858 480 1141 558; x_wconf 84' lang='grc' dir='ltr'>παραλίης</span> <span class='ocrx_word' id='word_1_35' title='bbox 1181 478 1433 541; x_wconf 73' lang='grc' dir='ltr'>πολλοὺς</span> <span class='ocrx_word' id='word_1_36' title='bbox 1473 478 1701 553; x_wconf 85' lang='grc' dir='ltr'>δήμους·</span> <span class='ocrx_word' id='word_1_37' title='bbox 1743 504 1869 537; x_wconf 89' lang='grc' dir='ltr'>ποι-</span> 
     </span>
     <span class='ocr_line' id='line_1_7' title="bbox 260 566 1690 650; baseline -0.003 -21"><span class='ocrx_word' id='word_1_38' title='bbox 260 574 440 631; x_wconf 79' lang='grc' dir='ltr'>εῦντες</span> <span class='ocrx_word' id='word_1_39' title='bbox 467 569 526 627; x_wconf 79' lang='grc' dir='ltr'>δὲ</span> <span class='ocrx_word' id='word_1_40' title='bbox 551 574 742 642; x_wconf 83' lang='grc' dir='ltr'>ταῦτα,</span> <span class='ocrx_word' id='word_1_41' title='bbox 774 569 1033 650; x_wconf 77' lang='grc' dir='ltr'>μεγάλως</span> <span class='ocrx_word' id='word_1_42' title='bbox 1058 567 1387 644; x_wconf 89' lang='grc' dir='ltr'>Ἀθηναίους</span> <span class='ocrx_word' id='word_1_43' title='bbox 1415 566 1690 625; x_wconf 84' lang='grc' dir='ltr'>ἐσίνοντο.</span> 
     </span>
    </p>

    <p class='ocr_par' dir='ltr' id='par_1_2' title="bbox 165 652 1888 2314">
     <span class='ocr_line' id='line_1_8' title="bbox 165 652 1870 735; baseline -0.002 -18"><span class='ocrx_word' id='word_1_44' title='bbox 165 660 242 717; x_wconf 82' lang='grc'>82</span> <span class='ocrx_word' id='word_1_45' title='bbox 340 656 415 716; x_wconf 91' lang='lat' dir='ltr'>H</span> <span class='ocrx_word' id='word_1_46' title='bbox 450 657 510 715; x_wconf 80' lang='grc' dir='ltr'>δὲ</span> <span class='ocrx_word' id='word_1_47' title='bbox 552 658 723 735; x_wconf 82' lang='grc' dir='ltr'>ἔχθρη</span> <span class='ocrx_word' id='word_1_48' title='bbox 764 657 801 733; x_wconf 77' lang='grc' dir='ltr'><em>ἦ</em></span> <span class='ocrx_word' id='word_1_49' title='bbox 842 657 1301 734; x_wconf 79' lang='grc' dir='ltr'>προοφειλομένη</span> <span class='ocrx_word' id='word_1_50' title='bbox 1341 660 1394 717; x_wconf 81' lang='grc' dir='ltr'>ἐς</span> <span class='ocrx_word' id='word_1_51' title='bbox 1433 652 1766 729; x_wconf 88' lang='grc' dir='ltr'>Ἀθηναίους</span> <span class='ocrx_word' id='word_1_52' title='bbox 1807 660 1870 713; x_wconf 85' lang='grc' dir='ltr'>ἐκ</span> 
     </span>
     <span class='ocr_line' id='line_1_9' title="bbox 261 740 1867 826; baseline -0.002 -21"><span class='ocrx_word' id='word_1_53' title='bbox 261 750 373 805; x_wconf 77' lang='grc' dir='ltr'>τῶν</span> <span class='ocrx_word' id='word_1_54' title='bbox 399 747 806 826; x_wconf 83' lang='grc' dir='ltr'>Αἲγινητέων,’</span> <span class='ocrx_word' id='word_1_55' title='bbox 782 747 1000 826; x_wconf 85' lang='grc' dir='ltr'>εγένετο</span> <span class='ocrx_word' id='word_1_56' title='bbox 1027 743 1148 812; x_wconf 81' lang='grc' dir='ltr'>ἐξ’</span> <span class='ocrx_word' id='word_1_57' title='bbox 1115 748 1291 822; x_wconf 83' lang='grc' dir='ltr'>αρχῆς</span> <span class='ocrx_word' id='word_1_58' title='bbox 1315 741 1566 817; x_wconf 80' lang='grc' dir='ltr'>τοιῆσδε·</span> <span class='ocrx_word' id='word_1_59' title='bbox 1605 740 1867 801; x_wconf 86' lang='grc' dir='ltr'>Ἐπιδαυ-</span> 
     </span>
     <span class='ocr_line' id='line_1_10' title="bbox 260 829 1871 914; baseline -0.004 -22"><span class='ocrx_word' id='word_1_60' title='bbox 260 834 437 910; x_wconf 88' lang='grc' dir='ltr'>ρίοισι</span> <span class='ocrx_word' id='word_1_61' title='bbox 476 831 514 908; x_wconf 81' lang='grc' dir='ltr'><em>ἦ</em></span> <span class='ocrx_word' id='word_1_62' title='bbox 555 838 632 914; x_wconf 83' lang='grc' dir='ltr'>γῆ</span> <span class='ocrx_word' id='word_1_63' title='bbox 676 833 892 910; x_wconf 73' lang='grc' dir='ltr'>καρπόν</span> <span class='ocrx_word' id='word_1_64' title='bbox 919 831 1116 891; x_wconf 77' lang='grc' dir='ltr'>οὐδένα</span> <span class='ocrx_word' id='word_1_65' title='bbox 1142 830 1411 891; x_wconf 77' lang='grc' dir='ltr'>ἀνεδίδου.</span> <span class='ocrx_word' id='word_1_66' title='bbox 1493 829 1621 906; x_wconf 83' lang='grc' dir='ltr'>περὶ</span> <span class='ocrx_word' id='word_1_67' title='bbox 1659 829 1871 905; x_wconf 78' lang='grc' dir='ltr'>ταύτης</span> 
     </span>
     <span class='ocr_line' id='line_1_11' title="bbox 262 917 1869 997; baseline -0.002 -18"><span class='ocrx_word' id='word_1_68' title='bbox 262 920 336 981; x_wconf 81' lang='grc' dir='ltr'>ὧν</span> <span class='ocrx_word' id='word_1_69' title='bbox 374 926 477 997; x_wconf 80' lang='grc' dir='ltr'>τῆς</span> <span class='ocrx_word' id='word_1_70' title='bbox 514 926 817 997; x_wconf 81' lang='grc' dir='ltr'>συμφορῆς</span> <span class='ocrx_word' id='word_1_71' title='bbox 857 946 912 980; x_wconf 94' lang='grc' dir='ltr'>οι</span> <span class='ocrx_word' id='word_1_72' title='bbox 936 918 1284 996; x_wconf 82' lang='grc' dir='ltr'>Ἐπιδαυριοι</span> <span class='ocrx_word' id='word_1_73' title='bbox 1325 917 1594 996; x_wconf 82' lang='grc' dir='ltr'>ἐχρέωντο</span> <span class='ocrx_word' id='word_1_74' title='bbox 1634 922 1692 977; x_wconf 87' lang='grc' dir='ltr'>ἐν</span> <span class='ocrx_word' id='word_1_75' title='bbox 1720 922 1869 976; x_wconf 78' lang='grc' dir='ltr'>Δελ-</span> 
     </span>
     <span class='ocr_line' id='line_1_12' title="bbox 265 1005 1869 1085; baseline -0.002 -18"><span class='ocrx_word' id='word_1_76' title='bbox 265 1013 452 1084; x_wconf 86' lang='grc' dir='ltr'>φοῖσι·</span> <span class='ocrx_word' id='word_1_77' title='bbox 492 1009 532 1085; x_wconf 81' lang='grc' dir='ltr'><em>ἦ</em></span> <span class='ocrx_word' id='word_1_78' title='bbox 576 1010 636 1068; x_wconf 83' lang='grc' dir='ltr'>δὲ</span> <span class='ocrx_word' id='word_1_79' title='bbox 678 1008 866 1084; x_wconf 82' lang='grc' dir='ltr'>Πυθίη</span> <span class='ocrx_word' id='word_1_80' title='bbox 909 1009 1096 1084; x_wconf 86' lang='grc' dir='ltr'>σφέας</span> <span class='ocrx_word' id='word_1_81' title='bbox 1139 1007 1357 1066; x_wconf 86' lang='grc' dir='ltr'>ἐκέλευε</span> <span class='ocrx_word' id='word_1_82' title='bbox 1399 1005 1620 1082; x_wconf 78' lang='grc' dir='ltr'>Δαμίης</span> <span class='ocrx_word' id='word_1_83' title='bbox 1665 1030 1730 1064; x_wconf 87' lang='grc' dir='ltr'>τε</span> <span class='ocrx_word' id='word_1_84' title='bbox 1775 1006 1869 1064; x_wconf 87' lang='grc' dir='ltr'>καὶ</span> 
     </span>
     <span class='ocr_line' id='line_1_13' title="bbox 261 1093 1869 1177; baseline -0.002 -23"><span class='ocrx_word' id='word_1_85' title='bbox 261 1096 547 1172; x_wconf 79' lang='grc' dir='ltr'>Αὐξησίης</span> <span class='ocrx_word' id='word_1_86' title='bbox 572 1096 877 1177; x_wconf 73' lang='grc' dir='ltr'>ἀγάλματα</span> <span class='ocrx_word' id='word_1_87' title='bbox 919 1094 1273 1172; x_wconf 76' lang='grc' dir='ltr'>ἱδρύσασθαι,</span> <span class='ocrx_word' id='word_1_88' title='bbox 1302 1093 1401 1153; x_wconf 86' lang='grc' dir='ltr'>καί</span> <span class='ocrx_word' id='word_1_89' title='bbox 1427 1099 1540 1167; x_wconf 90' lang='grc' dir='ltr'>σφι</span> <span class='ocrx_word' id='word_1_90' title='bbox 1570 1093 1869 1169; x_wconf 83' lang='grc' dir='ltr'>ἱδρυσαμέ-</span> 
     </span>
     <span class='ocr_line' id='line_1_14' title="bbox 260 1179 1888 1261; baseline -0.001 -19"><span class='ocrx_word' id='word_1_91' title='bbox 260 1208 410 1242; x_wconf 89' lang='grc' dir='ltr'>νοισι</span> <span class='ocrx_word' id='word_1_92' title='bbox 445 1183 672 1261; x_wconf 74' lang='grc' dir='ltr'>ἄμεινον</span> <span class='ocrx_word' id='word_1_93' title='bbox 711 1183 1100 1244; x_wconf 79' lang='grc' dir='ltr'>συνοίσεσθαι·</span> <span class='ocrx_word' id='word_1_94' title='bbox 1144 1180 1469 1258; x_wconf 72' lang='grc' dir='ltr'>ἐπειρώτεον</span> <span class='ocrx_word' id='word_1_95' title='bbox 1511 1179 1583 1242; x_wconf 82' lang='grc' dir='ltr'>ὦν</span> <span class='ocrx_word' id='word_1_96' title='bbox 1625 1183 1679 1238; x_wconf 81' lang='grc' dir='ltr'>οἱ</span> <span class='ocrx_word' id='word_1_97' title='bbox 1709 1180 1888 1240; x_wconf 83' lang='grc' dir='ltr'>Ἐπι--</span> 
     </span>
     <span class='ocr_line' id='line_1_15' title="bbox 265 1266 1865 1349; baseline -0.002 -20"><span class='ocrx_word' id='word_1_98' title='bbox 265 1270 477 1348; x_wconf 81' lang='grc' dir='ltr'>δαύριοι</span> <span class='ocrx_word' id='word_1_99' title='bbox 528 1272 730 1348; x_wconf 81' lang='grc' dir='ltr'>κότερα</span> <span class='ocrx_word' id='word_1_100' title='bbox 783 1274 1003 1349; x_wconf 81' lang='grc' dir='ltr'>χαλκοῦ</span> <span class='ocrx_word' id='word_1_101' title='bbox 1050 1271 1344 1329; x_wconf 85' lang='grc' dir='ltr'>ποιέωνται</span> <span class='ocrx_word' id='word_1_102' title='bbox 1390 1267 1486 1348; x_wconf 76' lang='grc' dir='ltr'>[τοὶ</span> <span class='ocrx_word' id='word_1_103' title='bbox 1533 1266 1865 1349; x_wconf 74' lang='grc' dir='ltr'>ἀγάλματα]</span> 
     </span>
     <span class='ocr_line' id='line_1_16' title="bbox 260 1354 1867 1441; baseline -0.002 -25"><span class='ocrx_word' id='word_1_104' title='bbox 260 1356 297 1433; x_wconf 87' lang='grc' dir='ltr'>ἢ</span> <span class='ocrx_word' id='word_1_105' title='bbox 324 1360 507 1419; x_wconf 85' lang='grc' dir='ltr'>λίθου·</span> <span class='ocrx_word' id='word_1_106' title='bbox 548 1359 589 1435; x_wconf 76' lang='grc' dir='ltr'><em>ἦ</em></span> <span class='ocrx_word' id='word_1_107' title='bbox 614 1360 674 1418; x_wconf 70' lang='grc' dir='ltr'>δὲ</span> <span class='ocrx_word' id='word_1_108' title='bbox 714 1359 902 1433; x_wconf 82' lang='grc' dir='ltr'>Πυθίη</span> <span class='ocrx_word' id='word_1_109' title='bbox 940 1357 1200 1435; x_wconf 81' lang='grc' dir='ltr'>οὐδέτερα</span> <span class='ocrx_word' id='word_1_110' title='bbox 1231 1356 1441 1441; x_wconf 73' lang='grc' dir='ltr'>τούτων</span> <span class='ocrx_word' id='word_1_111' title='bbox 1469 1357 1545 1429; x_wconf 77' lang='grc' dir='ltr'>ἔα,</span> <span class='ocrx_word' id='word_1_112' title='bbox 1577 1354 1733 1413; x_wconf 74' lang='grc' dir='ltr'>α’λλά</span> <span class='ocrx_word' id='word_1_113' title='bbox 1775 1356 1867 1424; x_wconf 76' lang='grc' dir='ltr'>ξύ-</span> 
     </span>
     <span class='ocr_line' id='line_1_17' title="bbox 259 1442 1869 1524; baseline -0.002 -19"><span class='ocrx_word' id='word_1_114' title='bbox 259 1449 366 1505; x_wconf 90' lang='grc' dir='ltr'>λου</span> <span class='ocrx_word' id='word_1_115' title='bbox 406 1445 617 1524; x_wconf 82' lang='grc' dir='ltr'>ἤμέρης</span> <span class='ocrx_word' id='word_1_116' title='bbox 644 1447 855 1521; x_wconf 82' lang='grc' dir='ltr'>ἐλαίης·</span> <span class='ocrx_word' id='word_1_117' title='bbox 898 1445 1117 1505; x_wconf 85' lang='grc' dir='ltr'>ἐδέοντο</span> <span class='ocrx_word' id='word_1_118' title='bbox 1146 1444 1220 1504; x_wconf 80' lang='grc' dir='ltr'>ὧν</span> <span class='ocrx_word' id='word_1_119' title='bbox 1245 1447 1301 1506; x_wconf 71' lang='grc' dir='ltr'>οἱ</span> <span class='ocrx_word' id='word_1_120' title='bbox 1324 1442 1673 1519; x_wconf 80' lang='grc' dir='ltr'>Ἐπιδαύριοι</span> <span class='ocrx_word' id='word_1_121' title='bbox 1698 1444 1869 1518; x_wconf 78' lang='grc' dir='ltr'>Ἀθη-</span> 
     </span>
     <span class='ocr_line' id='line_1_18' title="bbox 259 1530 1868 1610; baseline -0.002 -17"><span class='ocrx_word' id='word_1_122' title='bbox 259 1534 425 1594; x_wconf 88' lang='grc' dir='ltr'>ναίων</span> <span class='ocrx_word' id='word_1_123' title='bbox 479 1535 672 1609; x_wconf 80' lang='grc' dir='ltr'>ἐλαίην</span> <span class='ocrx_word' id='word_1_124' title='bbox 719 1540 832 1610; x_wconf 88' lang='grc' dir='ltr'>σφι</span> <span class='ocrx_word' id='word_1_125' title='bbox 887 1535 1078 1593; x_wconf 84' lang='grc' dir='ltr'>δοῦναι</span> <span class='ocrx_word' id='word_1_126' title='bbox 1122 1532 1421 1609; x_wconf 79' lang='grc' dir='ltr'>ταμέσθαι,</span> <span class='ocrx_word' id='word_1_127' title='bbox 1472 1531 1740 1607; x_wconf 74' lang='grc' dir='ltr'>ἱρωτάτας</span> <span class='ocrx_word' id='word_1_128' title='bbox 1795 1530 1868 1608; x_wconf 71' lang='grc' dir='ltr'>δὴ</span> 
     </span>
     <span class='ocr_line' id='line_1_19' title="bbox 263 1617 1870 1701; baseline 0 -22"><span class='ocrx_word' id='word_1_129' title='bbox 263 1621 444 1685; x_wconf 87' lang='grc' dir='ltr'>κείνας</span> <span class='ocrx_word' id='word_1_130' title='bbox 482 1621 799 1698; x_wconf 77' lang='grc' dir='ltr'>νομίζοντες</span> <span class='ocrx_word' id='word_1_131' title='bbox 841 1620 999 1681; x_wconf 79' lang='grc' dir='ltr'>εἶναι·</span> <span class='ocrx_word' id='word_1_132' title='bbox 1055 1621 1283 1701; x_wconf 81' lang='grc' dir='ltr'>λέγεται</span> <span class='ocrx_word' id='word_1_133' title='bbox 1328 1619 1404 1678; x_wconf 79' lang='grc' dir='ltr'>δὲ</span> <span class='ocrx_word' id='word_1_134' title='bbox 1431 1619 1523 1678; x_wconf 85' lang='grc' dir='ltr'>καὶ</span> <span class='ocrx_word' id='word_1_135' title='bbox 1561 1617 1636 1681; x_wconf 75' lang='grc' dir='ltr'>ὥς</span> <span class='ocrx_word' id='word_1_136' title='bbox 1680 1623 1870 1679; x_wconf 77' lang='grc' dir='ltr'>ἐλαιαι</span> 
     </span>
     <span class='ocr_line' id='line_1_20' title="bbox 262 1706 1866 1788; baseline -0.001 -20"><span class='ocrx_word' id='word_1_137' title='bbox 262 1707 413 1783; x_wconf 88' lang='grc' dir='ltr'>ἦσαν</span> <span class='ocrx_word' id='word_1_138' title='bbox 452 1709 664 1769; x_wconf 89' lang='grc' dir='ltr'>αλλοθι</span> <span class='ocrx_word' id='word_1_139' title='bbox 701 1712 809 1788; x_wconf 85' lang='grc' dir='ltr'>γῆς</span> <span class='ocrx_word' id='word_1_140' title='bbox 844 1709 1095 1785; x_wconf 82' lang='grc' dir='ltr'>ουδαμοῧ</span> <span class='ocrx_word' id='word_1_141' title='bbox 1136 1706 1253 1768; x_wconf 83' lang='grc' dir='ltr'>κατ’</span> <span class='ocrx_word' id='word_1_142' title='bbox 1282 1710 1489 1769; x_wconf 83' lang='grc' dir='ltr'>ἐκεῖνον</span> <span class='ocrx_word' id='word_1_143' title='bbox 1510 1706 1613 1767; x_wconf 74' lang='grc' dir='ltr'>τόν</span> <span class='ocrx_word' id='word_1_144' title='bbox 1637 1707 1866 1785; x_wconf 84' lang='grc' dir='ltr'>χρόνον,</span> 
     </span>
     <span class='ocr_line' id='line_1_21' title="bbox 260 1783 1870 1877; baseline -0.002 -21"><span class='ocrx_word' id='word_1_145' title='bbox 260 1794 297 1871; x_wconf 85' lang='grc' dir='ltr'>ἢ</span> <span class='ocrx_word' id='word_1_146' title='bbox 323 1796 618 1877; x_wconf 84' lang='grc' dir='ltr'>Ἀθήνῃσι·</span> <span class='ocrx_word' id='word_1_147' title='bbox 662 1824 716 1857; x_wconf 94' lang='grc' dir='ltr'>οι</span> <span class='ocrx_word' id='word_1_148' title='bbox 742 1797 862 1856; x_wconf 85' lang='grc' dir='ltr'>δε’</span> <span class='ocrx_word' id='word_1_149' title='bbox 836 1797 927 1857; x_wconf 86' lang='grc' dir='ltr'>επὶ</span> <span class='ocrx_word' id='word_1_150' title='bbox 966 1796 1162 1856; x_wconf 83' lang='grc' dir='ltr'>τοῖσδε</span> <span class='ocrx_word' id='word_1_151' title='bbox 1200 1794 1401 1855; x_wconf 78' lang='grc' dir='ltr'>δώσειν</span> <span class='ocrx_word' id='word_1_152' title='bbox 1442 1783 1740 1871; x_wconf 80' lang='grc' dir='ltr'>ἔφασαν,’</span> <span class='ocrx_word' id='word_1_153' title='bbox 1711 1795 1799 1853; x_wconf 83' lang='grc' dir='ltr'>επ’</span> <span class='ocrx_word' id='word_1_154' title='bbox 1823 1793 1870 1875; x_wconf 79' lang='grc' dir='ltr'>ᾧ</span> 
     </span>
     <span class='ocr_line' id='line_1_22' title="bbox 261 1882 1868 1962; baseline -0.002 -19"><span class='ocrx_word' id='word_1_155' title='bbox 261 1882 599 1955; x_wconf 76' lang='grc' dir='ltr'>οἷπάξουσι”</span> <span class='ocrx_word' id='word_1_156' title='bbox 571 1911 719 1949; x_wconf 89' lang='grc' dir='ltr'>ετεος</span> <span class='ocrx_word' id='word_1_157' title='bbox 745 1884 985 1944; x_wconf 78' lang='grc' dir='ltr'>ἑκάστου</span> <span class='ocrx_word' id='word_1_158' title='bbox 1010 1886 1085 1962; x_wconf 78' lang='grc' dir='ltr'>τῇ</span> <span class='ocrx_word' id='word_1_159' title='bbox 1108 1883 1377 1960; x_wconf 84' lang='grc' dir='ltr'>Ἀθηναίῃ</span> <span class='ocrx_word' id='word_1_160' title='bbox 1402 1886 1476 1961; x_wconf 81' lang='grc' dir='ltr'>τῇ</span> <span class='ocrx_word' id='word_1_161' title='bbox 1496 1882 1789 1941; x_wconf 80' lang='grc' dir='ltr'>Πολιάδι</span> <span class='ocrx_word' id='word_1_162' title='bbox 1771 1884 1868 1961; x_wconf 83' lang='grc' dir='ltr'>ιροῖ</span> 
     </span>
     <span class='ocr_line' id='line_1_23' title="bbox 262 1968 1868 2053; baseline 0 -22"><span class='ocrx_word' id='word_1_163' title='bbox 262 1973 353 2031; x_wconf 84' lang='grc' dir='ltr'>καὶ</span> <span class='ocrx_word' id='word_1_164' title='bbox 394 1977 472 2053; x_wconf 73' lang='grc' dir='ltr'>τῷ</span> <span class='ocrx_word' id='word_1_165' title='bbox 510 1972 788 2051; x_wconf 80' lang='grc' dir='ltr'>Ἐρεχθέῖ·</span> <span class='ocrx_word' id='word_1_166' title='bbox 831 1972 1256 2033; x_wconf 81' lang='grc' dir='ltr'>καταινέσαντες</span> <span class='ocrx_word' id='word_1_167' title='bbox 1297 1969 1343 2029; x_wconf 79' lang='grc' dir='ltr'>δ’</span> <span class='ocrx_word' id='word_1_168' title='bbox 1379 1968 1472 2029; x_wconf 83' lang='grc' dir='ltr'>ἐπὶ</span> <span class='ocrx_word' id='word_1_169' title='bbox 1512 1968 1770 2030; x_wconf 78' lang='grc' dir='ltr'>τούτοισι</span> <span class='ocrx_word' id='word_1_170' title='bbox 1810 1974 1868 2031; x_wconf 78' lang='grc' dir='ltr'>οἱ</span> 
     </span>
     <span class='ocr_line' id='line_1_24' title="bbox 259 2056 1866 2137; baseline 0 -19"><span class='ocrx_word' id='word_1_171' title='bbox 259 2057 623 2137; x_wconf 83' lang='grc' dir='ltr'>Ἐπιδαύριοι,</span> <span class='ocrx_word' id='word_1_172' title='bbox 651 2062 761 2118; x_wconf 80' lang='grc' dir='ltr'>τῶν</span> <span class='ocrx_word' id='word_1_173' title='bbox 783 2083 847 2117; x_wconf 87' lang='grc' dir='ltr'>τε</span> <span class='ocrx_word' id='word_1_174' title='bbox 875 2056 1095 2117; x_wconf 81' lang='grc' dir='ltr'>ἐδέοντο</span> <span class='ocrx_word' id='word_1_175' title='bbox 1123 2060 1319 2136; x_wconf 81' lang='grc' dir='ltr'>ἔτυχον</span> <span class='ocrx_word' id='word_1_176' title='bbox 1346 2058 1439 2117; x_wconf 82' lang='grc' dir='ltr'>καὶ</span> <span class='ocrx_word' id='word_1_177' title='bbox 1465 2056 1772 2137; x_wconf 77' lang='grc' dir='ltr'>ἀγάλματα</span> <span class='ocrx_word' id='word_1_178' title='bbox 1800 2058 1866 2118; x_wconf 88' lang='grc' dir='ltr'>ἐκ</span> 
     </span>
     <span class='ocr_line' id='line_1_25' title="bbox 258 2144 1867 2223; baseline 0 -18"><span class='ocrx_word' id='word_1_179' title='bbox 258 2149 368 2206; x_wconf 83' lang='grc' dir='ltr'>τῶν</span> <span class='ocrx_word' id='word_1_180' title='bbox 395 2145 624 2206; x_wconf 89' lang='grc' dir='ltr'>ἐλαιέων</span> <span class='ocrx_word' id='word_1_181' title='bbox 647 2145 886 2205; x_wconf 85' lang='grc' dir='ltr'>τουτέων</span> <span class='ocrx_word' id='word_1_182' title='bbox 915 2144 1289 2222; x_wconf 72' lang='grc' dir='ltr'>ποιησάμενοι</span> <span class='ocrx_word' id='word_1_183' title='bbox 1332 2144 1648 2223; x_wconf 81' lang='grc' dir='ltr'>ἱδρύσαντο·</span> <span class='ocrx_word' id='word_1_184' title='bbox 1693 2146 1787 2205; x_wconf 73' lang='grc' dir='ltr'>καὶ</span> <span class='ocrx_word' id='word_1_185' title='bbox 1826 2145 1867 2222; x_wconf 84' lang='grc' dir='ltr'><strong><em>ἦ</em></strong></span> 
     </span>
     <span class='ocr_line' id='line_1_26' title="bbox 257 2232 1868 2314; baseline 0.001 -20"><span class='ocrx_word' id='word_1_186' title='bbox 257 2260 321 2294; x_wconf 94' lang='grc' dir='ltr'>τε</span> <span class='ocrx_word' id='word_1_187' title='bbox 335 2232 421 2314; x_wconf 85' lang='grc' dir='ltr'>γῆ</span> <span class='ocrx_word' id='word_1_188' title='bbox 449 2240 561 2309; x_wconf 89' lang='grc' dir='ltr'>σφι</span> <span class='ocrx_word' id='word_1_189' title='bbox 589 2235 770 2311; x_wconf 82' lang='grc' dir='ltr'>ἔφερε,</span> <span class='ocrx_word' id='word_1_190' title='bbox 795 2233 891 2292; x_wconf 86' lang='grc' dir='ltr'>καὶ·</span> <span class='ocrx_word' id='word_1_191' title='bbox 909 2232 1263 2309; x_wconf 86' lang='grc' dir='ltr'>Ἀθηναίοισι</span> <span class='ocrx_word' id='word_1_192' title='bbox 1289 2234 1581 2293; x_wconf 85' lang='grc' dir='ltr'>ἐπετέλεον</span> <span class='ocrx_word' id='word_1_193' title='bbox 1604 2233 1677 2294; x_wconf 68' lang='grc' dir='ltr'>ταῖ</span> <span class='ocrx_word' id='word_1_194' title='bbox 1703 2236 1868 2295; x_wconf 84' lang='grc' dir='ltr'>συνέ-</span> 
     </span>
    </p>

    <p class='ocr_par' dir='ltr' id='par_1_3' title="bbox 165 2319 1869 3275">
     <span class='ocr_line' id='line_1_27' title="bbox 165 2319 1867 2400; baseline 0 -19"><span class='ocrx_word' id='word_1_195' title='bbox 165 2323 241 2381; x_wconf 85' lang='grc'>83</span> <span class='ocrx_word' id='word_1_196' title='bbox 260 2322 435 2382; x_wconf 90' lang='grc' dir='ltr'>θεντο.</span> <span class='ocrx_word' id='word_1_197' title='bbox 522 2325 735 2381; x_wconf 84' lang='grc' dir='ltr'>Τοῦτον</span> <span class='ocrx_word' id='word_1_198' title='bbox 770 2319 817 2380; x_wconf 85' lang='grc' dir='ltr'>δ’</span> <span class='ocrx_word' id='word_1_199' title='bbox 845 2322 925 2381; x_wconf 80' lang='grc' dir='ltr'>ἔτι</span> <span class='ocrx_word' id='word_1_200' title='bbox 960 2321 1061 2381; x_wconf 80' lang='grc' dir='ltr'>τᾶν</span> <span class='ocrx_word' id='word_1_201' title='bbox 1091 2320 1296 2400; x_wconf 84' lang='grc' dir='ltr'>χρόνον</span> <span class='ocrx_word' id='word_1_202' title='bbox 1338 2322 1430 2380; x_wconf 83' lang='grc' dir='ltr'>καὶ</span> <span class='ocrx_word' id='word_1_203' title='bbox 1464 2320 1577 2398; x_wconf 76' lang='grc' dir='ltr'>πρὸ</span> <span class='ocrx_word' id='word_1_204' title='bbox 1617 2325 1736 2392; x_wconf 81' lang='grc' dir='ltr'>τοῦ,</span> <span class='ocrx_word' id='word_1_205' title='bbox 1766 2327 1867 2381; x_wconf 84' lang='grc' dir='ltr'>Αἰ-</span> 
     </span>
     <span class='ocr_line' id='line_1_28' title="bbox 256 2407 1868 2490; baseline 0.001 -23"><span class='ocrx_word' id='word_1_206' title='bbox 256 2413 479 2490; x_wconf 82' lang='grc' dir='ltr'>γινῆται</span> <span class='ocrx_word' id='word_1_207' title='bbox 519 2407 887 2485; x_wconf 82' lang='grc' dir='ltr'>Ἐπιδαυρίων</span> <span class='ocrx_word' id='word_1_208' title='bbox 926 2407 1131 2484; x_wconf 84' lang='grc' dir='ltr'>ἤκουον</span> <span class='ocrx_word' id='word_1_209' title='bbox 1166 2408 1239 2468; x_wconf 77' lang='grc' dir='ltr'>τά</span> <span class='ocrx_word' id='word_1_210' title='bbox 1267 2435 1330 2468; x_wconf 91' lang='grc' dir='ltr'>τε</span> <span class='ocrx_word' id='word_1_211' title='bbox 1366 2407 1538 2479; x_wconf 81' lang='grc' dir='ltr'>ἅλλα,</span> <span class='ocrx_word' id='word_1_212' title='bbox 1579 2409 1671 2468; x_wconf 83' lang='grc' dir='ltr'>καὶ</span> <span class='ocrx_word' id='word_1_213' title='bbox 1709 2409 1868 2474; x_wconf 84' lang='grc' dir='ltr'>δίκας</span> 
     </span>
     <span class='ocr_line' id='line_1_29' title="bbox 257 2495 1866 2574; baseline 0.001 -19"><span class='ocrx_word' id='word_1_214' title='bbox 257 2496 640 2573; x_wconf 85' lang='grc' dir='ltr'>διαβαίνοντες</span> <span class='ocrx_word' id='word_1_215' title='bbox 681 2501 738 2560; x_wconf 86' lang='grc' dir='ltr'>ἐς</span> <span class='ocrx_word' id='word_1_216' title='bbox 768 2495 1105 2573; x_wconf 84' lang='grc' dir='ltr'>Ἐπίδαυρον</span> <span class='ocrx_word' id='word_1_217' title='bbox 1146 2495 1406 2557; x_wconf 76' lang='grc' dir='ltr'>ἐδίδοσάν</span> <span class='ocrx_word' id='word_1_218' title='bbox 1444 2521 1508 2556; x_wconf 88' lang='grc' dir='ltr'>τε</span> <span class='ocrx_word' id='word_1_219' title='bbox 1551 2496 1646 2556; x_wconf 86' lang='grc' dir='ltr'>καὶ</span> <span class='ocrx_word' id='word_1_220' title='bbox 1689 2497 1866 2574; x_wconf 77' lang='grc' dir='ltr'>ἐλάμ-</span> 
     </span>
     <span class='ocr_line' id='line_1_30' title="bbox 260 2582 1863 2665; baseline 0 -21"><span class='ocrx_word' id='word_1_221' title='bbox 260 2585 442 2660; x_wconf 82' lang='grc' dir='ltr'>βανον</span> <span class='ocrx_word' id='word_1_222' title='bbox 467 2584 598 2663; x_wconf 86' lang='grc' dir='ltr'>παρ’</span> <span class='ocrx_word' id='word_1_223' title='bbox 625 2582 895 2660; x_wconf 74' lang='grc' dir='ltr'>ἀλλήλων</span> <span class='ocrx_word' id='word_1_224' title='bbox 927 2610 981 2644; x_wconf 87' lang='grc' dir='ltr'>οι</span> <span class='ocrx_word' id='word_1_225' title='bbox 1005 2588 1320 2665; x_wconf 81' lang='grc' dir='ltr'>Αἰγινῆται·</span> <span class='ocrx_word' id='word_1_226' title='bbox 1359 2610 1428 2645; x_wconf 90' lang='grc' dir='ltr'>το</span> <span class='ocrx_word' id='word_1_227' title='bbox 1409 2582 1578 2643; x_wconf 51' lang='grc' dir='ltr'>ἱ’δὲ</span> <span class='ocrx_word' id='word_1_228' title='bbox 1538 2610 1654 2644; x_wconf 86' lang='grc' dir='ltr'>απο</span> <span class='ocrx_word' id='word_1_229' title='bbox 1635 2583 1863 2656; x_wconf 78' lang='grc' dir='ltr'>τοῦδε,</span> 
     </span>
     <span class='ocr_line' id='line_1_31' title="bbox 255 2670 1867 2752; baseline 0 -21"><span class='ocrx_word' id='word_1_230' title='bbox 255 2672 391 2747; x_wconf 80' lang='grc' dir='ltr'>νῆάς</span> <span class='ocrx_word' id='word_1_231' title='bbox 413 2698 477 2733; x_wconf 89' lang='grc' dir='ltr'>τε</span> <span class='ocrx_word' id='word_1_232' title='bbox 500 2671 809 2749; x_wconf 80' lang='grc' dir='ltr'>πηξάμενοι</span> <span class='ocrx_word' id='word_1_233' title='bbox 834 2672 928 2731; x_wconf 88' lang='grc' dir='ltr'>καὶ</span> <span class='ocrx_word' id='word_1_234' title='bbox 953 2670 1324 2752; x_wconf 81' lang='grc' dir='ltr'>αγνωμοσύνῃ</span> <span class='ocrx_word' id='word_1_235' title='bbox 1342 2670 1712 2751; x_wconf 74' lang='grc' dir='ltr'>χρησάμενα,</span> <span class='ocrx_word' id='word_1_236' title='bbox 1729 2670 1867 2732; x_wconf 75' lang='grc' dir='ltr'>ἀπέ-</span> 
     </span>
     <span class='ocr_line' id='line_1_32' title="bbox 240 2757 1867 2836; baseline 0 -17"><span class='ocrx_word' id='word_1_237' title='bbox 240 2784 479 2835; x_wconf 84' lang='grc' dir='ltr'>στησαν</span> <span class='ocrx_word' id='word_1_238' title='bbox 518 2759 634 2819; x_wconf 76' lang='grc' dir='ltr'>ἀπο</span> <span class='ocrx_word' id='word_1_239' title='bbox 680 2764 791 2819; x_wconf 79' lang='grc' dir='ltr'>τῶν</span> <span class='ocrx_word' id='word_1_240' title='bbox 833 2758 1219 2836; x_wconf 80' lang='grc' dir='ltr'>Ἐπιδαυρίων·</span> <span class='ocrx_word' id='word_1_241' title='bbox 1264 2784 1385 2818; x_wconf 90' lang='grc' dir='ltr'>ατε</span> <span class='ocrx_word' id='word_1_242' title='bbox 1406 2759 1465 2820; x_wconf 78' lang='grc' dir='ltr'>δὲ</span> <span class='ocrx_word' id='word_1_243' title='bbox 1516 2757 1699 2822; x_wconf 85' lang='grc' dir='ltr'>ἐόντες</span> <span class='ocrx_word' id='word_1_244' title='bbox 1747 2759 1867 2820; x_wconf 74' lang='grc' dir='ltr'>διά·</span> 
     </span>
     <span class='ocr_line' id='line_1_33' title="bbox 259 2844 1869 2957; baseline 0 -51"><span class='ocrx_word' id='word_1_245' title='bbox 259 2852 446 2957; x_wconf 81' lang='grc' dir='ltr'>φρροι,</span> <span class='ocrx_word' id='word_1_246' title='bbox 483 2846 749 2922; x_wconf 85' lang='grc' dir='ltr'>δηλέοντο</span> <span class='ocrx_word' id='word_1_247' title='bbox 793 2872 992 2909; x_wconf 89' lang='grc' dir='ltr'>αυτους</span> <span class='ocrx_word' id='word_1_248' title='bbox 1033 2871 1181 2905; x_wconf 86' lang='grc' dir='ltr'>ωστε</span> <span class='ocrx_word' id='word_1_249' title='bbox 1222 2844 1289 2920; x_wconf 77' lang='grc' dir='ltr'>δὴ</span> <span class='ocrx_word' id='word_1_250' title='bbox 1329 2845 1869 2925; x_wconf 75' lang='grc' dir='ltr'>θαλασσοκράτορες</span> 
     </span>
     <span class='ocr_line' id='line_1_34' title="bbox 258 2932 1867 3013; baseline 0 -21"><span class='ocrx_word' id='word_1_251' title='bbox 258 2932 454 3005; x_wconf 88' lang='grc' dir='ltr'>ἐόντες,</span> <span class='ocrx_word' id='word_1_252' title='bbox 485 2934 579 2993; x_wconf 86' lang='grc' dir='ltr'>καὶ</span> <span class='ocrx_word' id='word_1_253' title='bbox 604 2933 672 3009; x_wconf 87' lang='grc' dir='ltr'>δη</span> <span class='ocrx_word' id='word_1_254' title='bbox 702 2933 793 2993; x_wconf 84' lang='grc' dir='ltr'>καὶ</span> <span class='ocrx_word' id='word_1_255' title='bbox 818 2932 892 2992; x_wconf 82' lang='grc' dir='ltr'>τοὶ</span> <span class='ocrx_word' id='word_1_256' title='bbox 916 2932 1223 3013; x_wconf 76' lang='grc' dir='ltr'>ἀγάλματα</span> <span class='ocrx_word' id='word_1_257' title='bbox 1246 2936 1424 2993; x_wconf 79' lang='grc' dir='ltr'>ταῦτα</span> <span class='ocrx_word' id='word_1_258' title='bbox 1440 2937 1542 3007; x_wconf 75' lang='grc' dir='ltr'>τῆς</span> <span class='ocrx_word' id='word_1_259' title='bbox 1559 2959 1622 2992; x_wconf 85' lang='grc' dir='ltr'>τε</span> <span class='ocrx_word' id='word_1_260' title='bbox 1639 2935 1867 3011; x_wconf 83' lang='grc' dir='ltr'>Δαμίης</span> 
     </span>
     <span class='ocr_line' id='line_1_35' title="bbox 262 3018 1867 3099; baseline 0 -18"><span class='ocrx_word' id='word_1_261' title='bbox 262 3022 356 3081; x_wconf 85' lang='grc' dir='ltr'>καὶ</span> <span class='ocrx_word' id='word_1_262' title='bbox 380 3023 482 3099; x_wconf 81' lang='grc' dir='ltr'>τῆς</span> <span class='ocrx_word' id='word_1_263' title='bbox 506 3019 852 3096; x_wconf 69' lang='grc' dir='ltr'>Αὐξησίης</span> <span class='ocrx_word' id='word_1_264' title='bbox 820 3021 1177 3097; x_wconf 87' lang='grc' dir='ltr'>υπαιρέονται</span> <span class='ocrx_word' id='word_1_265' title='bbox 1201 3018 1399 3090; x_wconf 83' lang='grc' dir='ltr'>αυτῶν,</span> <span class='ocrx_word' id='word_1_266' title='bbox 1428 3021 1525 3079; x_wconf 84' lang='grc' dir='ltr'>καί</span> <span class='ocrx_word' id='word_1_267' title='bbox 1546 3027 1704 3095; x_wconf 87' lang='grc' dir='ltr'>σφεα</span> <span class='ocrx_word' id='word_1_268' title='bbox 1742 3027 1867 3081; x_wconf 84' lang='grc' dir='ltr'>ἐκο-</span> 
     </span>
     <span class='ocr_line' id='line_1_36' title="bbox 255 3103 1867 3184; baseline 0 -17"><span class='ocrx_word' id='word_1_269' title='bbox 255 3109 499 3184; x_wconf 85' lang='grc' dir='ltr'>μίσαντό</span> <span class='ocrx_word' id='word_1_270' title='bbox 541 3134 604 3168; x_wconf 91' lang='grc' dir='ltr'>τε</span> <span class='ocrx_word' id='word_1_271' title='bbox 650 3107 741 3167; x_wconf 85' lang='grc' dir='ltr'>καὶ</span> <span class='ocrx_word' id='word_1_272' title='bbox 785 3103 1083 3183; x_wconf 82' lang='grc' dir='ltr'>ἶδρυσαντο</span> <span class='ocrx_word' id='word_1_273' title='bbox 1114 3111 1217 3182; x_wconf 86' lang='grc' dir='ltr'>τῆς</span> <span class='ocrx_word' id='word_1_274' title='bbox 1258 3107 1539 3183; x_wconf 84' lang='grc' dir='ltr'>σφετέρης</span> <span class='ocrx_word' id='word_1_275' title='bbox 1580 3108 1769 3184; x_wconf 78' lang='grc' dir='ltr'>χώρης</span> <span class='ocrx_word' id='word_1_276' title='bbox 1810 3115 1867 3172; x_wconf 90' lang='grc' dir='ltr'>ἐς</span> 
     </span>
     <span class='ocr_line' id='line_1_37' title="bbox 258 3192 1868 3275; baseline -0.001 -19"><span class='ocrx_word' id='word_1_277' title='bbox 258 3195 362 3270; x_wconf 81' lang='grc' dir='ltr'>τὴν</span> <span class='ocrx_word' id='word_1_278' title='bbox 399 3196 732 3275; x_wconf 84' lang='grc' dir='ltr'>μεσόγαιαν·</span> <span class='ocrx_word' id='word_1_279' title='bbox 773 3197 845 3274; x_wconf 84' lang='grc' dir='ltr'>τῇ</span> <span class='ocrx_word' id='word_1_280' title='bbox 875 3194 987 3270; x_wconf 83' lang='grc' dir='ltr'>Οἴη</span> <span class='ocrx_word' id='word_1_281' title='bbox 1018 3195 1126 3271; x_wconf 87' lang='grc' dir='ltr'>μέν</span> <span class='ocrx_word' id='word_1_282' title='bbox 1152 3198 1275 3255; x_wconf 88' lang='grc' dir='ltr'>ἐστι</span> <span class='ocrx_word' id='word_1_283' title='bbox 1299 3192 1527 3273; x_wconf 77' lang='grc' dir='ltr'>οὕνομα,</span> <span class='ocrx_word' id='word_1_284' title='bbox 1553 3194 1764 3254; x_wconf 80' lang='grc' dir='ltr'>στάδια</span> <span class='ocrx_word' id='word_1_285' title='bbox 1804 3197 1868 3256; x_wconf 84' lang='grc' dir='ltr'>δὲ</span> 
     </span>
    </p>
   </div>
   <div class='ocr_carea' id='block_1_2' title="bbox 2063 5 2078 3322">
    <p class='ocr_par' dir='ltr' id='par_1_4' title="bbox 2063 5 2078 3322">
     <span class='ocr_line' id='line_1_38' title="bbox 2063 5 2078 3322; baseline 0 0"><span class='ocrx_word' id='word_1_286' title='bbox 2063 5 2078 3322; x_wconf 95' lang='lat' dir='ltr'> </span> 
     </span>
    </p>
   </div>
  </div>
 </body>
</html>
