2100 3409
131 86 375 149 ιιι-46]
833 89 1203 138 HOATMNIA.
1672 92 1765 141 141

135 166 606 245 ExdpavSpov,⁶
571 194 636 232 ος
658 172 876 277 πρῶτος
902 172 1169 246 ποταμῶν
1195 168 1322 228 ἐπεί
1338 193 1403 229 τε
1428 173 1486 228 ἐκ
1515 170 1762 246 Σαρδίων

136 254 550 331 ορμηθέντες’
524 256 893 334 επεχείρησαν
919 260 990 334 τῇ
1018 256 1142 335 ὁδῷ,
1166 257 1397 318 ἐπέλιπε
1420 255 1487 316 τὸ
1512 257 1754 334 ῥέεθρον,

138 341 336 400 οὐδ”
300 343 595 420 απέχρησε
632 347 705 421 τῇ
746 347 986 421 στρατιῇ
1020 370 1082 402 τε
1109 344 1200 403 καὶ
1224 347 1379 406 τοῖσι
1405 344 1642 422 κτήνεσι
1669 371 1757 403 πι-

137 429 412 506 νόμενος·
468 430 560 487 ἐπὶ
600 435 801 490 τοῦτον
847 431 914 507 δη
960 431 1062 491 τόν
1107 431 1362 509 ποταμὸν
1409 459 1479 495 ως
1526 430 1757 492 οἷπίκετο

138 517 385 594 Ξέρξης,
404 522 461 580 ἐς
476 518 543 577 τό
565 518 828 595 Πριάμου
850 520 1157 600 Πέργαμον
1182 520 1377 596 ἀνέβη,
1402 521 1608 597 ἴμερον’
1617 521 1757 599 ἔχων

139 604 498 678 θεήσασθαι·
556 605 898 683 θεησάμενος
951 608 1011 666 δὲ
1063 608 1154 666 καὶ
1206 608 1516 683 πυθόμενος
1567 610 1755 670 κείνων

140 691 385 762 ἕκαστα,
413 698 487 772 τῇ
511 692 780 772 Ἀθηναίῃ
814 698 886 773 τῇ
920 694 1121 754 Ἰλιάδι
1164 696 1328 755 ἔθυσε
1365 697 1508 771 βοῦς
1546 698 1751 774 χιλίας,

136 779 289 857 χοὰς
309 780 375 839 δὲ
401 783 455 840 οἱ
478 780 652 862 μάγοι
676 785 831 842 τοῖσι
856 782 1037 859 ἥρωσι
1059 784 1304 862 ἐχέαντο·
1344 787 1520 843 ταῦτα
1547 784 1604 842 δὲ
1630 811 1749 845 ποι-

135 868 492 943 ησαμένοισι
518 869 710 933 νυκτὸς
732 870 920 945 φόβος
939 876 994 934 ἐς
1011 871 1078 931 τό
1106 871 1486 948 στρατόπεδον
1506 872 1749 934 ἐνέπεσε*

134 952 266 1030 ἅμα
301 955 488 1035 ἤμέρῃ
531 957 588 1015 δὲ
630 957 919 1034 ἐπορεύετο
963 960 1225 1029 ἐνθεῦτεν,
1254 965 1311 1018 ἐν
1351 959 1617 1039 ἀριστερῇ
1647 964 1751 1037 μὲν

134 1040 408 1123 ἀπέργων
432 1044 703 1105 Ῥοίτειον
725 1045 894 1105 πόλιν
935 1047 1026 1105 καὶ
1052 1047 1381 1123 Ὀφρύνειον
1409 1048 1500 1105 καὶ
1528 1047 1747 1125 Δάρδα·

138 1155 260 1198 νον,
288 1129 436 1207 ἥπερ
466 1132 534 1207 δή
561 1132 784 1212 Ἀβύδῳ
811 1132 1048 1210 ὅμουρός
1076 1140 1213 1202 ἐστι,
1244 1141 1301 1193 ἐν
1338 1134 1488 1212 δεξιῇ
1530 1135 1588 1193 δὲ
1614 1136 1747 1212 Γέρ-

136 1220 311 1298 γιθας
345 1220 630 1297 Τευκρούς.

225 1304 389 1365 Ἐπεὶ
439 1307 485 1366 δ’
535 1311 787 1388 ἐγένοντο
840 1315 897 1369 ἐν
948 1308 1190 1387 Ἀβύδῳ,
1238 1308 1489 1384 ἠθέλησε
1533 1309 1743 1420 Ξέρξης
1762 1313 1841 1372 44

142 1394 370 1453 ἰδέσθαι
405 1421 587 1454 παντα
623 1396 720 1455 τὸν
761 1396 1022 1472 στρατόν·
1069 1398 1159 1455 καὶ
1186 1397 1594 1473 προεπεποίητο
1632 1396 1743 1477 γοῖρ

141 1482 239 1540 ἐπὶ
275 1486 525 1542 κολωνοῦ
563 1484 810 1558 ἐπίτηδες
847 1483 992 1562 αυτῷ
1028 1483 1202 1563 ταύτῃ
1242 1485 1544 1562 προεξέδρη
1579 1487 1745 1546 λίθου

141 1572 371 1628 λευκοῦ·
412 1572 685 1645 ἐποίησαν
728 1571 786 1630 δὲ
820 1569 1141 1648 Ἀβυδηνοὶ,
1185 1574 1568 1648 ἐντειλαμένου
1606 1573 1741 1651 πρό-

140 1681 308 1732 τερον
335 1658 632 1733 βασιλέος·
677 1659 911 1718 ἐνθαῦτα
937 1658 1008 1721 ὥς
1035 1660 1196 1730 ἵζετο,
1227 1664 1473 1736 κατορῶν
1512 1661 1603 1718 ἐπὶ
1641 1663 1743 1735 τῆς

143 1742 333 1818 ἦῖόνος
374 1746 589 1820 ἐθηεῖτο
630 1748 720 1806 καὶ
759 1745 861 1807 τᾶν
894 1746 1062 1817 πεζόν
1089 1747 1179 1804 καὶ
1204 1747 1303 1809 τοὶς
1330 1748 1471 1808 νέας·
1516 1747 1741 1822 θηεύμε-

143 1858 240 1894 νος
280 1833 342 1891 δὲ
383 1833 582 1909 ἱμέρθη
607 1837 717 1893 τῶν
742 1838 876 1893 νεῶν
902 1831 1153 1910 ἅμιλλαν
1179 1835 1473 1913 γινομένην
1505 1833 1739 1892 ἰδέσθαι·

145 1924 266 1977 ἐπει
294 1918 343 1977 δ’
370 1920 587 1999 ἐγένετό
611 1945 673 1979 τε
699 1921 791 1979 καὶ
817 1922 1004 1981 ἐνίκων
1028 1920 1280 1982 Φοίνικες
1294 1919 1559 1990 Σιδώνιοι,
1585 1920 1739 1997 ἥσθη

142 2032 207 2066 τε
246 2010 322 2086 τῇ
354 2006 573 2087 οἷμίλλῃ
612 2008 703 2066 καὶ
736 2012 808 2087 τῇ
845 2012 1103 2086 στρατιῇ·
1171 2007 1267 2070 Ὡς
1307 2008 1366 2066 δὲ
1404 2005 1519 2083 ὥρα
1556 2007 1739 2067 πάντα
1755 2011 1833 2068 45

145 2096 248 2171 μὲν
286 2094 391 2155 τᾶν
412 2094 841 2171 Ἑλλήσποντον
879 2095 990 2155 find
1019 2099 1130 2155 τῶν
1161 2100 1293 2156 νεῶν
1324 2095 1737 2172 ἀποκεκρυμμέ-

146 2209 257 2254 νον,
289 2182 482 2246 πάσας
517 2183 576 2242 δὲ
618 2183 717 2247 τοὶς
755 2182 926 2246 οἷκτοὶς
969 2185 1063 2242 καὶ
1103 2183 1174 2242 τοὶ
1208 2181 1534 2260 Ἀβυδηνῶν
1575 2184 1737 2243 πεδία

146 2273 388 2331 ἐπίπλεα
428 2270 743 2348 ἀνθρώπων,
787 2272 1020 2332 ἐνθαῦτα
1049 2271 1261 2348 Ξέρξης
1302 2270 1501 2331 ἐωυτὸν
1537 2272 1736 2350 ἐμακά-

144 2383 288 2434 ρισε·
330 2358 472 2434 μετὰ
500 2359 557 2417 δὲ
582 2363 748 2418 τοῦτο
775 2358 1063 2436 ἐδάκρυσε.
1145 2359 1360 2420 Μαθῶν
1400 2359 1463 2418 δέ
1491 2386 1588 2437 μιν
1612 2360 1736 2436 Ἀρ-
1757 2363 1831 2418 46

149 2445 392 2523 τάβανος
416 2446 449 2504 6
474 2446 707 2523 πάτρως,
736 2446 796 2511 ὃς
830 2446 898 2506 τὸ
941 2451 1160 2523 πρῶτον
1182 2447 1408 2526 γνώμην
1434 2446 1737 2515 ἀπεδέξατο

147 2534 441 2610 ἐλευθέρως
467 2532 532 2593 οὗ
560 2534 967 2611 συμβουλεύων
991 2534 1173 2611 Ξέρξῃ
1204 2533 1609 2610 στρατεύεσθαι
1649 2536 1739 2592 ἐπὶ

144 2621 247 2697 τήν
285 2621 555 2695 Ἑλλάδα,
603 2621 762 2686 οὗτος
800 2622 944 2700 ὃνὴρ
980 2621 1255 2699 φρασθεὶς
1295 2620 1506 2696 Ξέρξεα
1544 2620 1734 2698 δακρύ-

146 2734 323 2769 σαντα
352 2710 525 2786 εἴρετο
554 2710 704 2769 τάδε·
748 2722 782 2746 “
802 2711 843 2769 ὦ
868 2711 1137 2787 βασιλεῦ,
1166 2708 1239 2772 ὥς
1277 2707 1428 2768 πολυ
1468 2707 1737 2783 ἀλλήλων

147 2798 524 2876 κεχωρισμένα
563 2797 814 2877 ἐργασαο
855 2803 950 2857 νῦν
990 2822 1054 2857 τε
1091 2796 1184 2854 καὶ
1214 2795 1389 2877 ὄλίγω
1428 2795 1731 2873 πρότερον·
1718 2843 1733 2866 ,

146 2884 456 2960 μακαρίσας
495 2884 605 2963 γοὶρ
647 2884 890 2944 σεωυτὸν
922 2882 1222 2960 δακρύεις·”
1263 2882 1295 2943 6
1323 2884 1383 2942 δὲ
1407 2884 1547 2943 εἶπε·
1589 2893 1623 2918 “
1642 2889 1735 2942 ἐσ-

145 2971 282 3045 ἦλθε
320 2971 430 3052 γάρ
473 2997 546 3049 με
582 2972 959 3052 λογισάμενον
1000 2976 1369 3083 κατοικτεῖραι
1410 2970 1480 3033 ὥς
1518 2969 1739 3046 βραχῦς

147 3060 226 3136 εἴη
270 3057 303 3119 6
348 3064 461 3124 πᾶς
513 3059 856 3138 ανθρωπινος
901 3060 1047 3134 βίος,
1092 3063 1140 3119 εἰ
1185 3059 1393 3120 τούτων
1433 3082 1500 3138 γε
1541 3053 1737 3113 ἐόντων

144 3174 419 3209 τοσουτων
459 3148 634 3213 οὐδεὶς
661 3152 768 3212 ἐς“
742 3146 1046 3208 εκατοστόν
1086 3147 1205 3210 ἔτος
1240 3140 1578 3223 περιέσται·”
1618 3139 1650 3198 6
1678 3139 1737 3196 δὲ

147 3236 405 3365 ἅΙιῗείβῙεέο
431 3238 630 3311 λέγων·
671 3248 708 3274 “
726 3239 898 3315 ἔτερα
909 3235 1110 3296 τούτου
1141 3235 1295 3311 παρὰ
1332 3232 1435 3306 τὴν
1474 3229 1607 3303 ζόην
1641 3252 1737 3286 πε·
