2100 3409
153 45 395 110 'zo-73]
786 45 1161 97 ΚΑΑΛῙΟΠΗ.
1680 49 1777 100 815

152 128 279 204 μὲν
307 123 487 184 οὐδενὶ
517 123 631 204 ἔχω
661 122 1159 204 ἀποσημήνασθαι,
1188 125 1450 205 (ἅπαντας
1478 153 1592 209 γαρ
1623 126 1780 189 οὗτοι

154 237 305 275 τους
332 209 450 271 κατ’
478 209 712 276 ἐωυτους
732 212 1013 292 ἐνίκων,)
981 239 1070 273 οτι
1077 214 1148 295 δὲ
1169 240 1309 274 κατα
1328 214 1393 274 τὰ
1418 214 1779 294 ἷσχυρότερον

156 300 680 379 προσενείχθησαν,
709 300 801 359 καὶ
819 300 1028 363 τούτων
1048 300 1382 379 ἐκράτησαν.
1437 303 1530 361 καὶ
1549 300 1780 378 ἄριστος

158 389 396 469 ἐγένετο
426 391 621 466 μακρῷ
656 386 1064 465 Ἀριστόδημος
1100 415 1242 450 κατα
1267 388 1493 471 γνώμας
1516 388 1619 453 τοὶς
1642 389 1778 466 ἤμε·

156 476 355 553 τέρας·
406 474 469 539 ὃς
509 479 569 534 ἐκ
609 477 1018 552 Θερμοπυλέων
1058 480 1263 554 μοῦνος
1291 480 1403 538 τῶν
1438 478 1773 554 τριηκοσίων

160 563 392 637 σωθεὶς,
443 562 561 642 εἶχε
612 561 819 627 ὄνειδος
865 562 958 621 καὶ
997 562 1241 673 ἀτιμίην·
1292 564 1437 641 μετὰ
1478 565 1537 624 δὲ
1576 567 1778 627 τοῦτον

158 648 517 727 ἠρίστευσαν
538 648 915 714 Ποσειδωνιός
939 676 1002 713 τε
1029 651 1123 711 καὶ
1140 650 1428 711 Φιλοκύων
1448 653 1540 711 καὶ
1563 651 1777 730 Ἀμομ-

161 736 417 816 φάρετος
443 764 476 799 ο
505 737 875 815 Σπαρτιήτης·
921 738 1118 808 καίτοι,
1143 740 1441 819 γενομένης
1472 739 1747 847 λέσχης
1713 767 1777 805 ος

160 827 393 907 γένοιτο
434 824 615 886 αὐτων
655 851 902 905 αριστος,
948 828 1198 907 ἔγνωσαν
1241 828 1295 886 οἱ
1336 826 1777 907 παραγενόμενοι

164 914 581 991 Σπαρτιητέων,
600 912 1013 991 Ἀριστόδημον
1027 916 1133 992 μὲν
1152 913 1504 992 βουλόμενον
1524 919 1777 992 φανερῶς

163 1000 474 1062 ἀποθανεῖν
512 1007 573 1062 ἐκ
607 1006 710 1078 τῆς
734 1003 1053 1079 παρεόύσης
1081 1006 1136 1063 οἷ
1161 1003 1354 1078 αἰτίης,
1382 1003 1687 1062 λυσσῶντά
1711 1029 1773 1064 τε

163 1090 263 1147 καὶ
298 1088 602 1149 ἐκλιπόντα
635 1090 741 1167 τήν
769 1089 925 1159 τάξιν
960 1091 1096 1171 ἔργα
1122 1088 1504 1158 ἀποδέξασθαι
1527 1090 1772 1169 μεγάλα·

162 1176 551 1255 Ποσειδώνιον
583 1177 660 1247 δὲ,
689 1176 753 1236 οὗ
786 1176 1142 1253 βουλόμενον
1179 1176 1571 1251 ἀποθνήσκειν,
1600 1176 1773 1253 ἄνδρα

161 1265 436 1346 γενέσθαι
489 1264 721 1347 ἀγαθόν·
788 1264 1042 1343 τοσούτῳ
1095 1268 1295 1325 τοῦτον
1347 1262 1486 1325 εἶναι
1551 1263 1775 1340 ἀμείνω.

162 1351 328 1415 ἀλλὰ
351 1357 529 1413 ταῦτα
554 1355 657 1428 μὲν
685 1354 778 1412 καὶ
805 1351 996 1432 φθόνῳ
1023 1350 1091 1411 ἂν
1119 1352 1343 1411 εἴποιεν·
1385 1348 1539 1412 οὗτοι
1564 1351 1623 1411 δὲ
1646 1351 1776 1418 τούς

165 1440 445 1510 κατέλεξα
468 1440 685 1510 πάντες,
706 1439 860 1516 πλὴν
884 1438 1313 1517 Ἀριστοδήμου,
1332 1443 1444 1500 τῶν
1468 1437 1774 1500 οἷποθανόν·

160 1553 277 1588 των
304 1533 364 1587 ἐν
387 1527 563 1606 ταύτῃ
587 1531 661 1606 τῇ
686 1527 844 1606 μάχῃ
868 1528 1045 1605 τίμιοι
1065 1528 1338 1608 ἐγένοντο·
1364 1526 1775 1604 Ἀριστόδημος

162 1615 245 1684 δὲ,
300 1614 653 1691 βουλόμενος
719 1615 1018 1676 ἀποθανεῖν
1072 1613 1161 1673 8ιᾶ
1212 1614 1318 1689 τὴν
1368 1615 1773 1690 προειρημένην

162 1703 367 1778 αἰτίην,
398 1701 497 1762 οὐκ
518 1702 773 1780 ἐτιμήθη.

251 1788 429 1853 Οὗτοι
461 1792 565 1867 μὲν
599 1795 709 1850 τῶν
736 1794 792 1849 ἐν
820 1791 1154 1867 Πλαταιῇσι
1189 1786 1633 1864 ὀνομαστότατοι
1659 1788 1772 1867 ἐγέ-
1791 1788 1867 1852 72

161 1905 351 1940 νοντο·
412 1876 812 1955 Καλλικράτης
852 1876 962 1957 γσῖρ
1004 1876 1106 1945 ἔξω
1150 1879 1251 1950 τῆς
1288 1873 1474 1952 μάχης
1514 1874 1771 1943 ἀπέθανε,

163 1966 353 2027 ε’λθῶν
387 1964 526 2042 ἀνὴρ
562 1965 871 2027 κάλλιστος
907 1968 961 2027 ἐς
995 1963 1063 2023 τὸ
1099 1961 1478 2039 στρατόπεδον
1512 1966 1621 2022 τῶν
1643 1960 1773 2022 τότε

160 2053 491 2129 Ἑλλήνων,
508 2052 573 2112 οὗ
608 2053 782 2130 μόνον
820 2051 999 2112 αὐτῶν
1025 2048 1476 2126 Λακεδαιμονίων
1501 2047 1654 2109 οἶλλα
1681 2049 1775 2108 καὶ

161 2169 279 2204 των
307 2141 499 2202 ἄλλων
533 2140 840 2216 Ἑλλήνων·
882 2138 961 2209 ὃς,
993 2139 1183 2214 ἐπειδη
1211 2136 1588 2219 ἐσφαγιάζετο
1615 2141 1780 2195 Παυ-

163 2230 385 2306 σανίης,
409 2227 710 2306 κατήμενος
736 2233 795 2288 ἐν
817 2230 891 2306 τῇ
915 2225 1042 2296 ταξι
1069 2225 1455 2304 ἐτρωματίσθη
1480 2221 1787 2301 τοξεύματι

162 2345 237 2379 τα
276 2316 517 2394 πλευρά·
571 2317 663 2377 καὶ
699 2315 767 2391 δὴ
795 2341 849 2374 οι
883 2317 988 2392 μὲν
1023 2313 1317 2393 ἐμάχοντο,
1346 2341 1379 2374 ο
1418 2312 1464 2372 δ’
1500 2312 1775 2392 ἐξενηνεγ-

162 2406 335 2483 μένος
373 2403 739 2464 ἐδυσθανατεέ
778 2428 839 2461 τε
877 2402 969 2461 καὶ
1012 2403 1171 2481 ἔλεγε
1208 2401 1347 2478 πρός
1380 2400 1772 2477 Ἀριμνηστον,

165 2493 344 2571 ἄνδρα
371 2493 682 2561 Πλαταιέα,
710 2489 774 2549 οὗ
800 2491 992 2567 μέλειν
1022 2515 1076 2548 οι
1102 2488 1188 2547 ὅτι
1221 2489 1330 2564 πρὸ
1364 2492 1463 2561 τῆς
1498 2486 1776 2546 Ἑλλάδος

167 2579 535 2655 αποθνήσκει,
563 2577 693 2639 ἀλλ’
721 2577 809 2638 ὅτι
836 2576 933 2636 οὐκ
973 2574 1258 2654 ἐχρήσατο
1290 2579 1360 2651 τῇ
1396 2574 1536 2651 χερὶ,
1566 2572 1658 2630 καὶ
1689 2569 1776 2630 ὅτι

168 2669 383 2728 ουδέν’
358 2667 487 2728 εστί
508 2692 562 2727 οι
588 2665 1074 2747 αποδεδεγμένον”
1045 2687 1207 2743 εργον
1227 2665 1426 2720 ἑωυτοῦ
1453 2657 1625 2729 ἄξιον,
1642 2684 1776 2736 προ-

169 2756 514 2832 θυμευμένου
541 2753 943 2824 αποδέξασθαι.

248 2842 560 2918 Ἀθηναίων
574 2842 634 2901 δὲ
646 2843 874 2923 λέγεται
888 2840 1252 2917 εὐδοκιμῆσαι
1269 2836 1587 2915 Σωφάνης“
1555 2863 1585 2897 ο
1602 2834 1777 2895 Ευτυ-
1795 2832 1871 2895 73

169 2930 355 3010 χίδεω,
393 2934 454 2988 ἐκ
493 2928 672 3007 δήμου
711 2929 1074 3004 Δεκελεῆθεν,
1102 2926 1389 2987 Δεκελέων
1415 2926 1474 2984 δὲ
1500 2927 1610 2984 τῶν
1640 2923 1779 2981 ποτὲ

173 3018 570 3099 ἐργασαμένων
609 3017 769 3098 ἔργον
799 3016 1086 3095 χρήσιμον
1123 3019 1179 3077 ἐς
1211 3012 1311 3073 τᾶν
1342 3012 1524 3071 πάντα
1558 3009 1786 3085 χρόνον,

176 3105 248 3170 ὥς
294 3104 454 3166 αυτοὶ
491 3104 782 3181 Ἀθηναῖοι
823 3105 1078 3183 λέγουσι·
1124 3129 1193 3166 ως
1231 3101 1342 3181 γοῖρ
1384 3098 1450 3173 δή
1491 3096 1555 3155 τὸ
1597 3093 1777 3153 πάλαι

174 3220 320 3257 κατα
349 3193 582 3269 Ελένης
616 3192 848 3270 κομιδὴν
885 3188 1216 3266 Τυνδαρίδαι
1254 3186 1540 3262 ἐσέβαλον
1576 3187 1631 3244 ἐς
1670 3204 1782 3260 γην
