2100 3409
316 59 415 108 272
924 50 1295 101 ‘HPOAOTOT
1735 46 1942 113 [vm

318 134 640 209 θαλάσσης·
668 132 846 193 αἴτιον
866 130 926 190 δὲ
945 134 1116 191 τοῦτο
1140 130 1416 209 λέγοντες,
1443 127 1503 188 εὖ
1528 128 1726 210 λέγειν
1746 131 1947 211 ἔμοιγε

324 223 599 283 δοκέουσι.
660 245 792 283 τους
811 220 870 278 δὲ
889 218 1344 299 περιγενομένους·
1369 215 1558 298 ἀπῆγε
1574 216 1945 295 Ἀρτάβαζος

324 315 380 375 ἐς
404 310 732 383 Θεσσαλίην
764 333 918 384 παρα
952 304 1294 383 Μαρδόνιον.
1378 330 1534 364 ουτοι
1565 308 1696 382 μὲν
1707 309 1769 367 οἱ
1805 332 1941 384 προ·

323 399 643 475 πέμψαντες
666 396 922 472 βασιλέα
949 393 1093 454 οὕτω
1120 393 1381 471 ἔπρηξαν.

232 489 348 547 130
444 486 514 544 ‘0
538 485 601 543 δὲ
625 483 878 546 ναυτικὰς
898 482 930 542 ὅ
949 482 1167 559 Ξέρξεω
1192 479 1634 563 περιγενόμενος,
1658 481 1737 545 ὥς
1762 506 1938 558 προσ·

328 574 477 651 έμιξε
512 576 583 650 τῇ
616 570 785 649 Ἀσίῃ
821 570 1043 651 φεύγων
1079 575 1143 629 ,ἐκ
1161 571 1512 647 Σαλαμῖνος,
1550 571 1647 628 καὶ
1677 570 1938 645 βασιλέα

323 686 386 720 τε
413 661 504 719 καὶ
529 659 632 735 τὴν
657 659 931 736 στρατιὴν
958 663 1018 717 ἐκ
1045 657 1417 735 Χερσονήσου
1444 657 1861 733 διεπόρθμευσε
1885 660 1937 717 ἐς

313 746 585 824 Ἄβυδον,
608 748 907 827 ἐχειμέριζε
934 751 994 806 ἐν
1015 744 1205 825 Κύμῃ·
1235 746 1394 822 ἔαρος
1411 745 1469 803 δὲ
1491 744 1933 822 ἐπιλάμψαντος,

325 836 532 913 πρώῖος
571 836 905 914 συνελέγετο
945 839 1001 897 ἐς
1043 832 1256 910 Σάμον·
1305 836 1366 892 αἱ
1406 833 1466 891 δὲ
1501 836 1617 892 τῶν
1656 837 1807 908 νηῶν
1846 832 1934 889 καὶ

328 924 682 1002 ἐχειμέρισαν
742 921 931 981 αὐτοῦ·
1014 922 1285 998 Περσέων
1338 921 1398 980 δὲ
1455 920 1552 978 καὶ
1617 920 1833 994 Μήδων
1883 923 1932 979 οἶ

328 1015 561 1073 πλεῦνες
615 1008 974 1085 ἐπεβάτευον·
1024 1010 1334 1089 στρατηγοὶ
1388 1009 1450 1067 δέ
1501 1014 1617 1083 σφι
1668 1008 1930 1084 ἐπῆλθον,

329 1098 662 1177 Μαρδόντης
680 1123 762 1157 ’τε
801 1096 834 1157 ὁ
875 1098 1127 1179 Βαγαίου
1169 1097 1260 1155 καὶ
1285 1089 1626 1173 Ἀρταΰντης
1665 1095 1702 1154 ὅ
1741 1095 1931 1173 Ἀρτα-

331 1188 514 1267 χαίου·
563 1191 812 1265 συνῆρχε
851 1185 912 1243 δὲ
949 1185 1203 1245 τούτοισι
1243 1184 1336 1242 καὶ
1377 1183 1726 1257 ἀδελφιδέος,
1770 1182 1931 1242 αὐτοῦ

329 1273 671 1363 Ἀρταΰντεω
749 1273 1189 1352 προσελομένου,
1271 1270 1605 1347 Ἰθαμίτρης.
1715 1271 1813 1330 ἅτε
1877 1272 1931 1330 δὲ

336 1358 595 1442 μεγάλως
629 1362 950 1441 πληγέντες,
981 1359 1046 1419 οὖ
1087 1359 1371 1437 προήῖσαν
1409 1357 1660 1436 ἀνωτέρω
1700 1386 1770 1420 το
1798 1384 1931 1437 προς

331 1448 588 1524 ἑσπέρης,
628 1446 741 1507 οὐδ’
780 1447 1124 1528 ἐπηνάγκαζε
1158 1447 1351 1511 οὐδείς·
1393 1445 1525 1505 ἀλλ’
1562 1451 1623 1506 ἐν
1659 1451 1734 1526 τῇ
1769 1445 1929 1525 Σάμῳ

335 1534 651 1611 κατήμενοι,
680 1533 1019 1610 ἐφυλασσον
1042 1535 1148 1610 τὴν
1177 1534 1389 1610 Ἰωνίην
1412 1533 1493 1610 μή
1522 1533 1770 1617 ἀποστῇ,
1803 1539 1929 1610 νῆας

333 1624 553 1703 ἔχοντες
596 1649 707 1683 συν
752 1626 888 1702 τῇσι
932 1621 1083 1682 Ἰάσι
1123 1623 1463 1700 τριηκοσίας.
1545 1648 1612 1681 ου
1651 1622 1772 1697 μην
1815 1622 1930 1682 οὐδὲ

332 1712 743 1788 προσεδέκοντο
793 1737 933 1775 τους
986 1711 1282 1786 Ἕλληνας·
1337 1709 1674 1770 ἐλευσεσθαι
1733 1717 1786 1772 ἐς
1835 1710 1929 1786 τῆν

333 1798 561 1877 Ἰωνίην,
578 1798 709 1861 ἀλλ’
730 1798 1081 1879 ἀποχρήσειν
1102 1799 1577 1874 σφιτήνὲωυτῶν
1597 1799 1927 1874 φυλάσσειν·

334 1888 747 1966 σταθμεύμενοι
798 1888 887 1948 ὅτι
928 1887 1114 1962 σφέας
1152 1885 1255 1946 οὔκ
1297 1886 1592 1955 ἐπεδίωξαν
1634 1885 1930 1966 φεύγοντας

337 1980 400 2036 ἐκ
448 1977 780 2053 Σαλαμῖνος,
825 1974 957 2034 ἀλλ’
999 1973 1238 2053 ἄσμενοι
1273 1973 1744 2034 ἀπαλλάσσοντο·
1797 1974 1928 2034 xum*

333 2065 441 2141 μέν
486 2089 583 2124 νυν
619 2064 724 2141 τήν
764 2063 1072 2124 θάλασσαν
1111 2063 1425 2138 ἑσσωμένοι
1462 2061 1616 2138 ἦσαν
1654 2066 1733 2141 τῷ
1770 2063 1925 2141 θυμῷ,

336 2154 479 2230 πεζῇ
519 2151 580 2210 δὲ
618 2151 837 2210 ἐδόκεον
875 2150 1099 2211 πολλόν
1135 2149 1436 2227 κρατήσειν
1470 2149 1571 2209 τᾶν
1601 2149 1924 2226 Μαρδόνιον·

339 2238 521 2299 ἐόντες
546 2238 607 2296 δὲ
633 2241 690 2297 ἐν
717 2238 902 2316 Σάμῳ,
932 2238 1050 2314 ἅμα
1076 2240 1180 2315 μὲν
1207 2237 1577 2313 ἐβουλεύοντο
1607 2238 1659 2296 εἴ
1677 2263 1736 2307 ,τι
1762 2237 1925 2297 δυναί-

343 2349 447 2384 ατο
515 2322 686 2382 κακὸν
750 2350 883 2387 τους
930 2327 1237 2402 πολεμίους
1291 2326 1514 2395 ποιέειν,
1569 2324 1689 2402 ἅμα
1742 2326 1798 2385 δὲ
1847 2325 1926 2384 καὶ

342 2409 724 2473 ὠτακούστεον
750 2411 853 2488 ὅκη
879 2413 1143 2473 πεσέεται
1168 2440 1239 2474 τα
1268 2413 1594 2490 Μαρδονίου
1618 2413 1919 2494 πρήγματα.

249 2499 360 2558 131
461 2497 603 2562 Τους
629 2499 689 2559 δὲ
703 2499 991 2576 Ἕλληνας
1015 2501 1082 2561 τό
1107 2527 1169 2561 τε
1198 2502 1292 2578 ἔαρ
1318 2499 1611 2582 γινόμενον
1637 2500 1819 2581 ἤγειρε
1845 2502 1925 2560 καὶ

342 2587 658 2666 Μαρδόνιος
693 2594 752 2648 ἐν
782 2590 1136 2668 Θεσσαλίῃ’
1110 2589 1230 2649 εῶν.
1320 2615 1351 2648 ο
1382 2591 1487 2665 μὲν
1516 2588 1585 2665 δὴ
1612 2589 1775 2660 πεζὰς
1796 2586 1924 2651 οὔκω

339 2676 694 2756 συνελέγετο·
736 2703 768 2735 ο
806 2676 867 2735 δὲ
901 2676 1155 2740 ναυτικὸς
1186 2675 1417 2735 ἀπίκετο
1450 2681 1504 2738 ἐς
1540 2677 1786 2756 Αἴγιναν,
1812 2680 1924 2753 νῆες

339 2761 581 2838 αριθμὸν
606 2761 738 2820 δεκα
762 2762 856 2821 καὶ
883 2762 1097 2823 εκατόν·
1126 2789 1445 2844 στρατηγος
1470 2763 1531 2822 δε
1557 2763 1652 2822 καὶ
1671 2762 1926 2845 ναύαρχος

339 2847 414 2923 ἦν
465 2848 804 2926 Λευτυχίδης
854 2877 888 2909 ο
942 2850 1246 2928 Μενάρεος,
1298 2875 1399 2910 του
1451 2850 1712 2932 Ἡγησίλ

339 2933 786 3011 Ἱπποκρατίδεω,
821 2940 922 2994 τοῦ
957 2938 1320 3017 Λευτυχῶεω,
1352 2943 1454 2999 τοῦ
1483 2937 1797 3008 Ἀναξίλεω,
1835 2942 1925 2999 τοῧ

339 3020 700 3100 Ἀρχιδήμου,
727 3024 828 3080 τοῦ
852 3021 1298 3101 Ἀναξανδρίδεω,
1327 3030 1429 3085 τοῦ
1461 3026 1810 3102 Θεοπόμπου,
1835 3030 1926 3086 τοῦ

340 3109 673 3185 Νικάνδρου,
701 3110 801 3167 τοῦ
839 3111 1153 3185 Χαρίλλου,
1182 3116 1283 3172 τοῦ
1315 3112 1591 3190 Εὐνόμου,
1617 3116 1721 3173 τοῦ
1754 3114 1922 3177 Πολυ-

343 3194 576 3265 δέκτεος,
603 3199 704 3255 τοῦ
740 3194 1065 3272 Πρυτάνιος,
1104 3204 1205 3258 τοῦ
1241 3199 1631 3276 Εὐρυφῶντος,
1665 3202 1766 3261 τοῦ
1786 3205 1925 3279 Προ-

1799 3314 1968 3377 ἰ-
2023 3304 2049 3377 j
