2100 3409
188 32 484 96 102—106]
892 33 1119 81 EPA'ro.
1702 37 1792 85 101

189 115 341 193 ἔχων
381 111 494 172 ἀπό
523 107 628 174 τοῦ
652 113 909 173 οἰκιστέω
932 117 1035 189 τῆς
1059 112 1432 190 Χερσονήσου
1456 113 1795 175 Μιλτιάδεω·

187 200 586 284 [Μιλτιάδης].
671 200 852 265 Οὗτος
903 202 971 278 δή
1027 201 1103 262 ὧν
1153 201 1283 262 τότε
1333 200 1366 262 ό
1419 200 1748 278 Μιλτιάδης,
1775 203 1890 264 104

188 288 343 366 ἥκων
387 293 448 349 ἐκ
487 293 591 365 τῆς
631 290 1000 366 Χερσονήσου
1042 291 1136 349 καὶ
1179 288 1529 370 ἐκπεφευγὼς
1563 288 1798 350 διπλόον

193 377 456 448 θάνατον,
499 377 836 458 ἐστρατήγεε
881 376 1203 454 Ἀθηναίων.
1286 376 1404 455 ἅμα
1444 378 1549 454 μὲν
1591 376 1703 454 γάρ
1744 380 1799 437 οἱ

192 466 448 529 Φοίνικες
487 464 658 525 αὐτόν
699 468 753 524 οἱ
793 466 1171 535 ἐπιδιώξαντες
1208 466 1378 544 μέχρι
1393 463 1643 542 Ἴμβρου
1666 464 1795 542 περὶ

191 556 422 613 πολλοῦ
476 556 762 613 ἐποιεῦντο
800 554 1007 628 λαβεῖν
1048 579 1113 612 τε
1160 553 1251 611 καὶ
1299 552 1598 633 ἀναγαγεῖν
1640 553 1796 630 παραὶ

190 640 533 717 βασιλέα,”’
495 666 613 716 αμα
651 639 711 699 δὲ
752 644 1066 721 ἐκφυγόντα
1108 666 1169 700 τε
1205 638 1432 703 τούτους
1469 665 1562 699 και
1602 639 1795 701 α’πικο-

189 754 361 802 μενον
401 733 456 791 ἐς
494 728 597 804 τὴν
634 731 851 797 ἑωυτοῦ,
880 728 1141 787 δοκέοντά
1166 755 1229 787 τε
1269 727 1407 786 εἶναι
1447 732 1505 787 ε’ν
1533 730 1794 808 σωτηρίῃ,

190 814 299 892 ἤδη
326 815 393 875 τὰ
424 816 676 875 ἐνθεῦτέν
700 841 797 892 μιν
824 819 877 874 οἱ
905 816 1098 894 ἐχθροὶ
1122 814 1522 893 ὑποδεξάμενοι
1555 816 1646 874 καὶ
1684 815 1795 876 ύπό
1822 824 1828 831 ’

191 903 558 980 δικαστήριον
576 902 745 964 αύτὸν
770 901 1089 984 σῖγαγόντες,
1109 904 1331 973 ἐδίωξαν
1354 903 1674 980 τυραννίδος
1696 908 1798 980 τῆς

192 997 252 1051 ἐν
278 991 647 1070 Χερσονήσῳ·
691 990 1000 1072 ἀποφυγών
1028 992 1088 1051 δὲ
1115 992 1206 1050 καὶ
1224 990 1454 1053 τούτους
1480 990 1798 1071 στρατηγός

191 1078 336 1139 οὕτω
363 1077 673 1154 Ἀθηναίων
701 1078 998 1158 ἀπεδέχθη,
1027 1079 1262 1156 αἱρεθεὶς
1288 1078 1395 1138 akr&
1423 1082 1523 1138 τοῦ
1551 1077 1747 1155 δήμου.

275 1168 395 1225 Καὶ
422 1170 616 1243 πρῶτα
640 1168 760 1243 μὲν,
789 1167 968 1230 ε’όντες
995 1169 1075 1226 ἔτι
1102 1171 1158 1226 ἐν
1183 1170 1260 1245 τῷ
1285 1164 1464 1233 ἄστεϊ,
1494 1168 1546 1225 οἶ
1579 1191 1749 1243 στρα-
1775 1169 1887 1226 105

187 1255 354 1336 τηγοὶ
383 1253 789 1333 ἀποπέμπουσι
816 1260 870 1317 ἐς
898 1253 1162 1332 Σπάρτην
1187 1252 1396 1330 κήρυκα
1415 1253 1794 1329 Φειδιππίδην,

188 1340 494 1419 Ἀθηναῖον
531 1345 634 1419 μὲν
662 1340 832 1419 ἄνδρα
868 1341 1059 1405 ἄλλως
1098 1342 1158 1402 δὲ
1196 1340 1580 1420 ἤμεροδρόμον
1615 1368 1677 1401 τε
1703 1342 1796 1403 καὶ

189 1434 360 1490 τοῦτο
391 1434 731 1507 μελετῶντα·
772 1435 851 1510 τῷ
874 1430 960 1507 δὴ,
996 1428 1067 1495 οἷς
1102 1429 1268 1493 αὐτός
1292 1456 1355 1490 τε
1390 1432 1548 1512 ἔλεγε
1574 1430 1794 1492 Φειδιπ-

190 1518 356 1594 πῶης
379 1518 470 1576 καὶ
495 1516 847 1593 Ἀθηναίοισι
873 1516 1220 1599 ἀπήγγελλε,
1241 1521 1368 1596 περὶ
1393 1517 1459 1579 τό
1481 1519 1796 1595 Παρθένιον

192 1604 356 1683 οὖρος
391 1605 458 1665 τὸ
496 1605 635 1681 ὑπὲρ
663 1606 868 1687 Τεγέης
909 1604 942 1666 ό
969 1606 1100 1665 Παῖν
1139 1605 1477 1683 περιπίπτει·
1516 1606 1793 1683 βώσαντα

191 1691 252 1751 δὲ
292 1693 358 1753 τό
405 1691 616 1770 οὕνομα
655 1696 755 1752 τοῦ
788 1693 1153 1753 Φειδιππίδεω
1191 1692 1291 1753 τόν
1326 1697 1509 1761 Πᾶνα,
1536 1691 1791 1768 Ἀθηναί-

191 1806 313 1840 οισι
370 1785 636 1840 κελεῦσαι
689 1780 1029 1862 ἀπαγγεῖλαι
1082 1780 1222 1842 διότι
1276 1782 1474 1838 ἑωυτοῦ
1534 1778 1795 1854 οὐδεμίαν

193 1871 520 1945 ἐπιμέλειαν
552 1873 834 1928 ποιεῦνται
870 1868 1056 1932 ε’όντος
1098 1894 1253 1927 ευνου
1292 1866 1659 1942 Ἀθηναίοισι,
1702 1867 1796 1925 καὶ

191 1959 470 2034 πολλαχῆ
504 1957 803 2036 γενομένου
842 1956 948 2032 ἤδη
992 1956 1168 2031 σφισι
1207 1954 1509 2034 χρησίμου,
1536 1979 1606 2013 τα
1641 1951 1743 2012 δ”
1714 1979 1797 2013 ετι

194 2045 287 2104 καὶ
329 2044 622 2121 ἐσομένου.
706 2071 799 2103 και
828 2048 1005 2103 ταῦτα
1028 2045 1135 2121 μὲν
1159 2043 1447 2119 Ἀθηναῖοι
1486 2040 1793 2101 καταστάν-

189 2158 300 2192 των
349 2132 529 2208 σφίσι
573 2130 633 2191 εὖ
675 2131 783 2209 ἤδη
833 2135 947 2191 τῶν
996 2130 1336 2212 πρηγμάτων
1387 2128 1791 2193 πιστεύσαντες

192 2220 334 2280 εἶναι
382 2218 616 2295 ἀληθέα,
667 2218 964 2297 ἱδρύσαντο
1008 2218 1119 2278 ύπό
1166 2223 1239 2298 τῇ
1286 2217 1564 2298 ἀκροπόλι
1600 2218 1792 2281 Πανός

191 2308 311 2385 ἱρὸν
357 2307 451 2366 καὶ
490 2307 659 2368 αὐτὸν
701 2306 813 2367 dur&
856 2307 1059 2383 ταύτης
1099 2311 1202 2384 τῆς
1242 2305 1509 2389 α’γγελίης
1553 2307 1789 2385 θυσίῃσι

190 2398 479 2475 ε’πετείῃσι
514 2396 607 2455 καὶ
635 2395 890 2473 λαμπάδι
924 2395 1272 2456 ἱλάσκονται.
1340 2394 1481 2455 Τότε
1522 2394 1582 2453 δὲ
1617 2420 1754 2470 πεμ-
1774 2396 1889 2454 106

189 2484 357 2560 φθεὶς
382 2483 495 2543 ὖπό
521 2488 630 2544 τῶν
663 2488 991 2564 στρατηγῶν
1024 2482 1057 2543 ό
1091 2483 1451 2558 Φειδιππίδης
1488 2480 1665 2551 οὗτος,
1702 2480 1795 2541 ὅτε

186 2572 296 2649 πέρ
326 2575 381 2632 οἱ
411 2573 521 2647 ἔφη
551 2572 644 2631 καὶ
667 2571 766 2632 τὸν
794 2576 962 2631 Πᾶνα
988 2576 1250 2648 φανῆναι,
1272 2570 1581 2645 δευτεραῖος
1607 2574 1667 2628 ἐκ
1692 2572 1793 2629 τοῦ

186 2657 501 2735 Ἀθηναίων
541 2657 743 2723 ἄστεος
777 2659 847 2735 ἦν
882 2663 940 2719 ἐν
967 2659 1219 2738 Σπάρτῃ·
1260 2655 1594 2735 ἀπικόμενος
1618 2657 1679 2717 δὲ
1704 2657 1795 2716 ἐπὶ

185 2747 319 2810 τοῦς
361 2745 641 2825 ἄρχοντας
682 2748 859 2828 ἔλεγε·
903 2757 938 2784 “
956 2747 998 2806 ὦ
1030 2745 1473 2823 Λακεδαιμόνιοι,
1506 2742 1793 2820 Ἀθηναῖοι

184 2832 372 2910 ὑμέων
429 2834 652 2894 δέονταί
695 2840 871 2910 σφισι
913 2836 1211 2913 βοηθῆσαι
1258 2835 1350 2893 καὶ
1394 2834 1474 2911 μή
1528 2831 1790 2910 περιϊδεῖν

186 2921 362 2982 πόλιν
423 2921 799 3001 ἀρχαιοτάτην
858 2929 917 2984 ἐν
976 2926 1131 2982 τοῖσι
1173 2920 1429 2997 ’Έλλησι
1481 2916 1793 2991 δουλοσύνη

186 3013 615 3087 περιπεσοῦσαν
639 3037 779 3088 προς
806 3010 1015 3088 ἀνδρῶν
1040 3009 1372 3088 βαρβάρων·
1416 3008 1506 3066 καὶ
1544 3030 1655 3084 γαρ
1697 3005 1795 3058 νῦν

186 3097 452 3175 Ἐρέτριά
478 3124 539 3158 τε
565 3098 1016 3182 ἠνδραπόδισται,
1047 3100 1142 3157 καὶ
1178 3098 1316 3157 πόλι
1352 3094 1562 3172 λογίμῃ
1599 3088 1635 3160 ἦ
1662 3087 1793 3143 Ελ·

188 3188 297 3247 λης
332 3187 535 3265 γε’γονε
571 3185 999 3264 ασθενεστέρη.”
1082 3185 1249 3261 ὁμὲν
1289 3181 1358 3257 δή
1397 3185 1511 3252 σφι
1544 3199 1615 3233 τα
1650 3177 1793 3229 ε’ντε-

218 3291 263 3321 1.
302 3279 399 3323 --·9
