<?xml version="1.0" encoding="UTF-8"?>
<!DOCTYPE html PUBLIC "-//W3C//DTD XHTML 1.0 Transitional//EN"
    "http://www.w3.org/TR/xhtml1/DTD/xhtml1-transitional.dtd">
<html xmlns="http://www.w3.org/1999/xhtml" xml:lang="en" lang="en">
 <head>
  <title>
</title>
<meta http-equiv="Content-Type" content="text/html;charset=utf-8" />
  <meta name='ocr-system' content='tesseract 3.04.00' />
  <meta name='ocr-capabilities' content='ocr_page ocr_carea ocr_par ocr_line ocrx_word'/>
</head>
<body>
  <div class='ocr_page' id='page_1' title='image "./herodotus00unkngoog_0199.png"; bbox 0 0 2100 3409; ppageno 0'>
   <div class='ocr_carea' id='block_1_1' title="bbox 157 54 1865 3277">
    <p class='ocr_par' dir='ltr' id='par_1_1' title="bbox 157 54 1863 1085">
     <span class='ocr_line' id='line_1_1' title="bbox 159 54 1767 121; baseline 0 -12"><span class='ocrx_word' id='word_1_1' title='bbox 159 54 450 121; x_wconf 78' lang='lat'>113-119]</span> <span class='ocrx_word' id='word_1_2' title='bbox 853 55 1227 107; x_wconf 71' lang='lat' dir='ltr'><strong>noAfflmA.</strong></span> <span class='ocrx_word' id='word_1_3' title='bbox 1670 61 1767 111; x_wconf 79' lang='lat'>165</span> 
     </span>
     <span class='ocr_line' id='line_1_2' title="bbox 159 132 1769 215; baseline 0.002 -20"><span class='ocrx_word' id='word_1_4' title='bbox 159 135 259 195; x_wconf 80' lang='grc' dir='ltr'>καὶ</span> <span class='ocrx_word' id='word_1_5' title='bbox 284 138 399 195; x_wconf 73' lang='grc' dir='ltr'>τῶν</span> <span class='ocrx_word' id='word_1_6' title='bbox 423 136 553 211; x_wconf 87' lang='grc' dir='ltr'>περὶ</span> <span class='ocrx_word' id='word_1_7' title='bbox 576 134 642 194; x_wconf 82' lang='grc' dir='ltr'><strong><em>τό</em></strong></span> <span class='ocrx_word' id='word_1_8' title='bbox 669 132 967 215; x_wconf 77' lang='grc' dir='ltr'>Πάγγαιον</span> <span class='ocrx_word' id='word_1_9' title='bbox 992 134 1123 212; x_wconf 84' lang='grc' dir='ltr'>ὅρος</span> <span class='ocrx_word' id='word_1_10' title='bbox 1147 138 1435 196; x_wconf 79' lang='grc' dir='ltr'>οἰκεόντων</span> <span class='ocrx_word' id='word_1_11' title='bbox 1455 137 1655 213; x_wconf 78' lang='grc' dir='ltr'>ὁμοίως</span> <span class='ocrx_word' id='word_1_12' title='bbox 1675 140 1769 199; x_wconf 78' lang='grc' dir='ltr'>καὶ</span> 
     </span>
     <span class='ocr_line' id='line_1_3' title="bbox 157 221 1768 301; baseline 0.002 -19"><span class='ocrx_word' id='word_1_13' title='bbox 157 227 275 282; x_wconf 74' lang='grc' dir='ltr'>τῶν</span> <span class='ocrx_word' id='word_1_14' title='bbox 320 221 596 299; x_wconf 85' lang='grc' dir='ltr'>πρότερον</span> <span class='ocrx_word' id='word_1_15' title='bbox 637 223 921 296; x_wconf 79' lang='grc' dir='ltr'>κατέλεξα,</span> <span class='ocrx_word' id='word_1_16' title='bbox 963 223 1095 286; x_wconf 75' lang='grc' dir='ltr'>τούς</span> <span class='ocrx_word' id='word_1_17' title='bbox 1130 227 1235 300; x_wconf 81' lang='grc' dir='ltr'>μὲν</span> <span class='ocrx_word' id='word_1_18' title='bbox 1273 223 1425 301; x_wconf 72' lang='grc' dir='ltr'>παρὰ</span> <span class='ocrx_word' id='word_1_19' title='bbox 1467 224 1768 286; x_wconf 78' lang='grc' dir='ltr'>θάλασσαν</span> 
     </span>
     <span class='ocr_line' id='line_1_4' title="bbox 161 310 1768 389; baseline 0.002 -20"><span class='ocrx_word' id='word_1_20' title='bbox 161 313 306 389; x_wconf 81' lang='grc' dir='ltr'>ἔχων</span> <span class='ocrx_word' id='word_1_21' title='bbox 353 310 676 386; x_wconf 75' lang='grc' dir='ltr'>οἰκημένους</span> <span class='ocrx_word' id='word_1_22' title='bbox 716 315 775 369; x_wconf 88' lang='grc' dir='ltr'>ἐν</span> <span class='ocrx_word' id='word_1_23' title='bbox 815 311 982 386; x_wconf 85' lang='grc' dir='ltr'>νηυσὶ</span> <span class='ocrx_word' id='word_1_24' title='bbox 1029 313 1514 389; x_wconf 74' lang='grc' dir='ltr'>στρατευομένους,</span> <span class='ocrx_word' id='word_1_25' title='bbox 1556 311 1684 375; x_wconf 76' lang='grc' dir='ltr'>τούς</span> <span class='ocrx_word' id='word_1_26' title='bbox 1720 313 1768 372; x_wconf 77' lang='grc' dir='ltr'>δ’</span> 
     </span>
     <span class='ocr_line' id='line_1_5' title="bbox 158 392 1765 477; baseline 0.002 -20"><span class='ocrx_word' id='word_1_27' title='bbox 158 397 303 474; x_wconf 69' lang='grc' dir='ltr'>ὑπὲρ</span> <span class='ocrx_word' id='word_1_28' title='bbox 335 397 637 472; x_wconf 76' lang='grc' dir='ltr'>θαλάσσης</span> <span class='ocrx_word' id='word_1_29' title='bbox 665 399 804 477; x_wconf 83' lang='grc' dir='ltr'>πεζῇ</span> <span class='ocrx_word' id='word_1_30' title='bbox 829 399 1145 474; x_wconf 80' lang='grc' dir='ltr'>ἑπομένους·</span> <span class='ocrx_word' id='word_1_31' title='bbox 1178 400 1284 474; x_wconf 79' lang='grc' dir='ltr'>τήν</span> <span class='ocrx_word' id='word_1_32' title='bbox 1309 400 1370 458; x_wconf 84' lang='grc' dir='ltr'>δὲ</span> <span class='ocrx_word' id='word_1_33' title='bbox 1394 399 1524 459; x_wconf 72' lang='grc' dir='ltr'>ὁδὸν</span> <span class='ocrx_word' id='word_1_34' title='bbox 1547 392 1765 476; x_wconf 81' lang='grc' dir='ltr'>ταύτην,</span> 
     </span>
     <span class='ocr_line' id='line_1_6' title="bbox 159 482 1766 569; baseline 0.004 -28"><span class='ocrx_word' id='word_1_35' title='bbox 159 490 235 562; x_wconf 76' lang='grc' dir='ltr'>τῇ</span> <span class='ocrx_word' id='word_1_36' title='bbox 271 482 556 561; x_wconf 67' lang='grc' dir='ltr'>βασιλευς</span> <span class='ocrx_word' id='word_1_37' title='bbox 589 485 800 561; x_wconf 72' lang='grc' dir='ltr'>Ξέρξης</span> <span class='ocrx_word' id='word_1_38' title='bbox 833 485 933 546; x_wconf 82' lang='grc' dir='ltr'>τόν</span> <span class='ocrx_word' id='word_1_39' title='bbox 969 486 1216 564; x_wconf 71' lang='grc' dir='ltr'>στρατᾶν</span> <span class='ocrx_word' id='word_1_40' title='bbox 1245 487 1446 562; x_wconf 84' lang='grc' dir='ltr'>ἤλασε,</span> <span class='ocrx_word' id='word_1_41' title='bbox 1476 485 1605 546; x_wconf 78' lang='grc' dir='ltr'>οὔτε</span> <span class='ocrx_word' id='word_1_42' title='bbox 1634 514 1766 569; x_wconf 79' lang='grc' dir='ltr'>συγ-</span> 
     </span>
     <span class='ocr_line' id='line_1_7' title="bbox 160 571 1767 657; baseline 0.003 -26"><span class='ocrx_word' id='word_1_43' title='bbox 160 574 366 650; x_wconf 82' lang='grc' dir='ltr'>χέουσι</span> <span class='ocrx_word' id='word_1_44' title='bbox 393 571 630 648; x_wconf 77' lang='grc' dir='ltr'>Θρήϊκες</span> <span class='ocrx_word' id='word_1_45' title='bbox 655 572 768 632; x_wconf 80' lang='grc' dir='ltr'>οὗτ’</span> <span class='ocrx_word' id='word_1_46' title='bbox 790 576 1196 651; x_wconf 74' lang='grc' dir='ltr'>ἐπισπείρουσι,</span> <span class='ocrx_word' id='word_1_47' title='bbox 1223 575 1501 651; x_wconf 85' lang='grc' dir='ltr'>σέβονταί</span> <span class='ocrx_word' id='word_1_48' title='bbox 1520 600 1583 635; x_wconf 89' lang='grc' dir='ltr'>τε</span> <span class='ocrx_word' id='word_1_49' title='bbox 1600 577 1767 657; x_wconf 75' lang='grc' dir='ltr'>μεγά-</span> 
     </span>
     <span class='ocr_line' id='line_1_8' title="bbox 160 659 1863 740; baseline 0.004 -22"><span class='ocrx_word' id='word_1_50' title='bbox 160 664 276 723; x_wconf 84' lang='grc' dir='ltr'>λως</span> <span class='ocrx_word' id='word_1_51' title='bbox 315 659 382 719; x_wconf 82' lang='grc' dir='ltr'><em>τό</em></span> <span class='ocrx_word' id='word_1_52' title='bbox 423 660 592 738; x_wconf 88' lang='grc' dir='ltr'>μέχρι</span> <span class='ocrx_word' id='word_1_53' title='bbox 629 663 777 736; x_wconf 81' lang='grc' dir='ltr'>ἐμεῦ.</span> <span class='ocrx_word' id='word_1_54' title='bbox 859 660 955 723; x_wconf 86' lang='grc' dir='ltr'>Ὡς</span> <span class='ocrx_word' id='word_1_55' title='bbox 990 661 1050 720; x_wconf 80' lang='grc' dir='ltr'>δὲ</span> <span class='ocrx_word' id='word_1_56' title='bbox 1080 660 1190 740; x_wconf 71' lang='grc' dir='ltr'>ἄρα</span> <span class='ocrx_word' id='word_1_57' title='bbox 1231 667 1285 726; x_wconf 83' lang='grc' dir='ltr'>ἐς</span> <span class='ocrx_word' id='word_1_58' title='bbox 1317 662 1421 739; x_wconf 78' lang='grc' dir='ltr'>τὴν</span> <span class='ocrx_word' id='word_1_59' title='bbox 1448 662 1728 725; x_wconf 75' lang='grc' dir='ltr'>Ἄκανθον</span> <span class='ocrx_word' id='word_1_60' title='bbox 1748 665 1863 724; x_wconf 88' lang='grc'>116</span> 
     </span>
     <span class='ocr_line' id='line_1_9' title="bbox 163 745 1765 827; baseline 0.002 -21"><span class='ocrx_word' id='word_1_61' title='bbox 163 745 415 819; x_wconf 73' lang='grc' dir='ltr'>ἀπίκετο,</span> <span class='ocrx_word' id='word_1_62' title='bbox 447 748 651 822; x_wconf 81' lang='grc' dir='ltr'>ξεινίην</span> <span class='ocrx_word' id='word_1_63' title='bbox 675 772 736 806; x_wconf 89' lang='grc' dir='ltr'>τε</span> <span class='ocrx_word' id='word_1_64' title='bbox 764 747 797 807; x_wconf 81' lang='grc' dir='ltr'>ό</span> <span class='ocrx_word' id='word_1_65' title='bbox 825 749 1057 826; x_wconf 84' lang='grc' dir='ltr'>Πέρσης</span> <span class='ocrx_word' id='word_1_66' title='bbox 1083 755 1235 810; x_wconf 83' lang='grc' dir='ltr'>τοῖσι</span> <span class='ocrx_word' id='word_1_67' title='bbox 1258 750 1607 812; x_wconf 84' lang='grc' dir='ltr'>Ἀκανθίοισι</span> <span class='ocrx_word' id='word_1_68' title='bbox 1632 778 1765 827; x_wconf 92' lang='grc' dir='ltr'>προ-</span> 
     </span>
     <span class='ocr_line' id='line_1_10' title="bbox 164 827 1768 910; baseline 0.002 -23"><span class='ocrx_word' id='word_1_69' title='bbox 164 832 288 888; x_wconf 82' lang='grc' dir='ltr'>εῖπε</span> <span class='ocrx_word' id='word_1_70' title='bbox 326 830 419 887; x_wconf 84' lang='grc' dir='ltr'>καὶ</span> <span class='ocrx_word' id='word_1_71' title='bbox 455 827 776 904; x_wconf 82' lang='grc' dir='ltr'>ἐδωρήσατό</span> <span class='ocrx_word' id='word_1_72' title='bbox 812 836 996 905; x_wconf 86' lang='grc' dir='ltr'>σφεας</span> <span class='ocrx_word' id='word_1_73' title='bbox 1037 831 1235 906; x_wconf 79' lang='grc' dir='ltr'>ἐσθῆτι</span> <span class='ocrx_word' id='word_1_74' title='bbox 1275 832 1519 910; x_wconf 81' lang='grc' dir='ltr'>Μηδικῇ,</span> <span class='ocrx_word' id='word_1_75' title='bbox 1554 833 1768 892; x_wconf 82' lang='grc' dir='ltr'>ἐπαίνεέ</span> 
     </span>
     <span class='ocr_line' id='line_1_11' title="bbox 161 914 1764 995; baseline 0.003 -20"><span class='ocrx_word' id='word_1_76' title='bbox 161 942 226 975; x_wconf 89' lang='grc' dir='ltr'>τε</span> <span class='ocrx_word' id='word_1_77' title='bbox 258 915 433 993; x_wconf 77' lang='grc' dir='ltr'>ὁρέων</span> <span class='ocrx_word' id='word_1_78' title='bbox 465 914 664 978; x_wconf 71' lang='grc' dir='ltr'>αὐτοῦς</span> <span class='ocrx_word' id='word_1_79' title='bbox 697 917 1020 994; x_wconf 79' lang='grc' dir='ltr'>προθύμους</span> <span class='ocrx_word' id='word_1_80' title='bbox 1058 917 1247 982; x_wconf 82' lang='grc' dir='ltr'>ἐόντας</span> <span class='ocrx_word' id='word_1_81' title='bbox 1287 924 1352 982; x_wconf 88' lang='grc' dir='ltr'>ἐς.</span> <span class='ocrx_word' id='word_1_82' title='bbox 1380 918 1481 979; x_wconf 77' lang='grc' dir='ltr'>τᾶν</span> <span class='ocrx_word' id='word_1_83' title='bbox 1513 918 1764 995; x_wconf 89' lang='grc' dir='ltr'>πόλεμον</span> 
     </span>
     <span class='ocr_line' id='line_1_12' title="bbox 166 1003 857 1085; baseline 0.004 -24"><span class='ocrx_word' id='word_1_84' title='bbox 166 1005 259 1063; x_wconf 81' lang='grc' dir='ltr'>καὶ</span> <span class='ocrx_word' id='word_1_85' title='bbox 285 1003 353 1063; x_wconf 79' lang='grc' dir='ltr'>τὸ</span> <span class='ocrx_word' id='word_1_86' title='bbox 384 1003 603 1085; x_wconf 80' lang='grc' dir='ltr'>ὄρυγμα</span> <span class='ocrx_word' id='word_1_87' title='bbox 630 1004 857 1064; x_wconf 73' lang='grc' dir='ltr'>ἀκούων.</span> 
     </span>
    </p>

    <p class='ocr_par' dir='ltr' id='par_1_2' title="bbox 159 1090 1861 2136">
     <span class='ocr_line' id='line_1_13' title="bbox 244 1090 1861 1170; baseline 0.005 -20"><span class='ocrx_word' id='word_1_88' title='bbox 244 1091 351 1158; x_wconf 81' lang='grc' dir='ltr'>Ἑν,</span> <span class='ocrx_word' id='word_1_89' title='bbox 384 1090 638 1169; x_wconf 74' lang='grc' dir='ltr'>Ἀκάνθῳ</span> <span class='ocrx_word' id='word_1_90' title='bbox 679 1091 739 1151; x_wconf 79' lang='grc' dir='ltr'>δὲ</span> <span class='ocrx_word' id='word_1_91' title='bbox 785 1092 972 1156; x_wconf 77' lang='grc' dir='ltr'>ἐόντος</span> <span class='ocrx_word' id='word_1_92' title='bbox 1013 1094 1247 1170; x_wconf 81' lang='grc' dir='ltr'>Ξέρξεω,</span> <span class='ocrx_word' id='word_1_93' title='bbox 1292 1095 1578 1169; x_wconf 82' lang='grc' dir='ltr'>συνήνεικε</span> <span class='ocrx_word' id='word_1_94' title='bbox 1616 1094 1727 1155; x_wconf 76' lang='grc' dir='ltr'>ὔπό</span> <span class='ocrx_word' id='word_1_95' title='bbox 1748 1097 1861 1158; x_wconf 80' lang='grc'>117</span> 
     </span>
     <span class='ocr_line' id='line_1_14' title="bbox 166 1178 1767 1260; baseline 0.001 -21"><span class='ocrx_word' id='word_1_96' title='bbox 166 1179 374 1239; x_wconf 77' lang='grc' dir='ltr'>νούσου</span> <span class='ocrx_word' id='word_1_97' title='bbox 402 1178 704 1239; x_wconf 74' lang='grc' dir='ltr'>ἀποθανεῖν</span> <span class='ocrx_word' id='word_1_98' title='bbox 738 1179 838 1239; x_wconf 82' lang='grc' dir='ltr'>τόν</span> <span class='ocrx_word' id='word_1_99' title='bbox 871 1185 1189 1240; x_wconf 79' lang='grc' dir='ltr'>ἐπεστεῶτα</span> <span class='ocrx_word' id='word_1_100' title='bbox 1221 1186 1321 1255; x_wconf 83' lang='grc' dir='ltr'>τῆς</span> <span class='ocrx_word' id='word_1_101' title='bbox 1354 1182 1619 1260; x_wconf 82' lang='grc' dir='ltr'>διώρυχος</span> <span class='ocrx_word' id='word_1_102' title='bbox 1642 1182 1767 1259; x_wconf 83' lang='grc' dir='ltr'>Ἀρ-</span> 
     </span>
     <span class='ocr_line' id='line_1_15' title="bbox 161 1267 1768 1350; baseline 0.002 -24"><span class='ocrx_word' id='word_1_103' title='bbox 161 1270 422 1348; x_wconf 85' lang='grc' dir='ltr'>ταχαίην,</span> <span class='ocrx_word' id='word_1_104' title='bbox 451 1267 678 1344; x_wconf 82' lang='grc' dir='ltr'>δόκιμον</span> <span class='ocrx_word' id='word_1_105' title='bbox 707 1267 867 1328; x_wconf 86' lang='grc' dir='ltr'>ἐόντα</span> <span class='ocrx_word' id='word_1_106' title='bbox 895 1268 1047 1346; x_wconf 69' lang='grc' dir='ltr'>παρσῖ</span> <span class='ocrx_word' id='word_1_107' title='bbox 1076 1270 1259 1349; x_wconf 77' lang='grc' dir='ltr'>Ξέρξῃ</span> <span class='ocrx_word' id='word_1_108' title='bbox 1281 1270 1372 1328; x_wconf 86' lang='grc' dir='ltr'>καὶ</span> <span class='ocrx_word' id='word_1_109' title='bbox 1396 1272 1557 1350; x_wconf 84' lang='grc' dir='ltr'>γένος</span> <span class='ocrx_word' id='word_1_110' title='bbox 1578 1269 1768 1349; x_wconf 84' lang='grc' dir='ltr'>Ἀχαι-</span> 
     </span>
     <span class='ocr_line' id='line_1_16' title="bbox 162 1354 1767 1439; baseline 0.001 -22"><span class='ocrx_word' id='word_1_111' title='bbox 162 1356 407 1432; x_wconf 83' lang='grc' dir='ltr'>μενίδην,</span> <span class='ocrx_word' id='word_1_112' title='bbox 428 1354 669 1439; x_wconf 69' lang='grc' dir='ltr'>μεγάθεΐ·</span> <span class='ocrx_word' id='word_1_113' title='bbox 700 1381 763 1414; x_wconf 87' lang='grc' dir='ltr'>τε</span> <span class='ocrx_word' id='word_1_114' title='bbox 796 1357 1071 1436; x_wconf 80' lang='grc' dir='ltr'>μέγιστον</span> <span class='ocrx_word' id='word_1_115' title='bbox 1108 1356 1269 1417; x_wconf 87' lang='grc' dir='ltr'>ἐόντα</span> <span class='ocrx_word' id='word_1_116' title='bbox 1305 1358 1767 1434; x_wconf 72' lang='grc' dir='ltr'>Περσέων-οἷπὸ</span> 
     </span>
     <span class='ocr_line' id='line_1_17' title="bbox 161 1442 1772 1525; baseline 0.005 -23"><span class='ocrx_word' id='word_1_117' title='bbox 161 1442 275 1524; x_wconf 69' lang='grc' dir='ltr'>γσῖρ</span> <span class='ocrx_word' id='word_1_118' title='bbox 328 1444 495 1502; x_wconf 83' lang='grc' dir='ltr'>πέντε</span> <span class='ocrx_word' id='word_1_119' title='bbox 546 1445 767 1521; x_wconf 79' lang='grc' dir='ltr'>πηχέων</span> <span class='ocrx_word' id='word_1_120' title='bbox 826 1446 1149 1520; x_wconf 73' lang='grc' dir='ltr'>βασιληίων</span> <span class='ocrx_word' id='word_1_121' title='bbox 1202 1444 1443 1506; x_wconf 71' lang='grc' dir='ltr'>ἀπέλιπε</span> <span class='ocrx_word' id='word_1_122' title='bbox 1496 1448 1772 1525; x_wconf 89' lang='grc' dir='ltr'>τέσσερας</span> 
     </span>
     <span class='ocr_line' id='line_1_18' title="bbox 163 1530 1770 1613; baseline 0.002 -22"><span class='ocrx_word' id='word_1_123' title='bbox 163 1530 838 1605; x_wconf 75' lang='grc' dir='ltr'>δακτύλους-φωνέοντά</span> <span class='ocrx_word' id='word_1_124' title='bbox 870 1558 932 1591; x_wconf 86' lang='grc' dir='ltr'>τε</span> <span class='ocrx_word' id='word_1_125' title='bbox 966 1533 1240 1613; x_wconf 84' lang='grc' dir='ltr'>μέγιστον</span> <span class='ocrx_word' id='word_1_126' title='bbox 1266 1534 1582 1611; x_wconf 74' lang='grc' dir='ltr'>ἀνθρώπων·</span> <span class='ocrx_word' id='word_1_127' title='bbox 1624 1535 1770 1595; x_wconf 79' lang='grc' dir='ltr'>ὥστε</span> 
     </span>
     <span class='ocr_line' id='line_1_19' title="bbox 163 1618 1771 1701; baseline 0.001 -22"><span class='ocrx_word' id='word_1_128' title='bbox 163 1618 394 1696; x_wconf 76' lang='grc' dir='ltr'>Ξέρξεα,</span> <span class='ocrx_word' id='word_1_129' title='bbox 428 1619 735 1695; x_wconf 79' lang='grc' dir='ltr'>συμφορὴν</span> <span class='ocrx_word' id='word_1_130' title='bbox 775 1619 1158 1696; x_wconf 76' lang='grc' dir='ltr'>ποιησάμενον</span> <span class='ocrx_word' id='word_1_131' title='bbox 1195 1620 1468 1701; x_wconf 78' lang='grc' dir='ltr'>μεγάλην,</span> <span class='ocrx_word' id='word_1_132' title='bbox 1504 1622 1771 1692; x_wconf 81' lang='grc' dir='ltr'>ἐξενεῖκαί</span> 
     </span>
     <span class='ocr_line' id='line_1_20' title="bbox 159 1705 1769 1786; baseline 0 -19"><span class='ocrx_word' id='word_1_133' title='bbox 159 1728 221 1767; x_wconf 80' lang='grc' dir='ltr'>τε</span> <span class='ocrx_word' id='word_1_134' title='bbox 253 1705 429 1766; x_wconf 72' lang='grc' dir='ltr'>αὐτόν</span> <span class='ocrx_word' id='word_1_135' title='bbox 455 1705 740 1766; x_wconf 77' lang='grc' dir='ltr'>κάλλιστα</span> <span class='ocrx_word' id='word_1_136' title='bbox 769 1708 859 1767; x_wconf 85' lang='grc' dir='ltr'>καὶ</span> <span class='ocrx_word' id='word_1_137' title='bbox 895 1707 1091 1784; x_wconf 77' lang='grc' dir='ltr'>θάψαι·</span> <span class='ocrx_word' id='word_1_138' title='bbox 1134 1708 1479 1786; x_wconf 83' lang='grc' dir='ltr'>ἐτυμβοχόεε</span> <span class='ocrx_word' id='word_1_139' title='bbox 1515 1709 1575 1767; x_wconf 84' lang='grc' dir='ltr'>δὲ</span> <span class='ocrx_word' id='word_1_140' title='bbox 1606 1714 1769 1768; x_wconf 80' lang='grc' dir='ltr'>πᾶσα</span> 
     </span>
     <span class='ocr_line' id='line_1_21' title="bbox 159 1794 1771 1873; baseline 0.001 -19"><span class='ocrx_word' id='word_1_141' title='bbox 159 1795 199 1872; x_wconf 83' lang='grc' dir='ltr'><strong><em>ἧ</em></strong></span> <span class='ocrx_word' id='word_1_142' title='bbox 224 1794 491 1872; x_wconf 85' lang='grc' dir='ltr'>στρατιή·</span> <span class='ocrx_word' id='word_1_143' title='bbox 532 1796 708 1873; x_wconf 79' lang='grc' dir='ltr'>τούτῳ</span> <span class='ocrx_word' id='word_1_144' title='bbox 735 1795 792 1853; x_wconf 88' lang='grc' dir='ltr'>δὲ</span> <span class='ocrx_word' id='word_1_145' title='bbox 823 1799 901 1873; x_wconf 76' lang='grc' dir='ltr'>τῷ</span> <span class='ocrx_word' id='word_1_146' title='bbox 925 1794 1235 1873; x_wconf 82' lang='grc' dir='ltr'>Ἀρταχαίῃ</span> <span class='ocrx_word' id='word_1_147' title='bbox 1264 1795 1462 1854; x_wconf 79' lang='grc' dir='ltr'>θύουσι</span> <span class='ocrx_word' id='word_1_148' title='bbox 1485 1794 1771 1855; x_wconf 81' lang='grc' dir='ltr'>Ἀκάνθιοι</span> 
     </span>
     <span class='ocr_line' id='line_1_22' title="bbox 161 1872 1762 1959; baseline -0.001 -16"><span class='ocrx_word' id='word_1_149' title='bbox 161 1889 222 1943; x_wconf 83' lang='grc' dir='ltr'>ἐκ</span> <span class='ocrx_word' id='word_1_150' title='bbox 267 1875 611 1959; x_wconf 86' lang='grc' dir='ltr'>θεοπροπίου</span> <span class='ocrx_word' id='word_1_151' title='bbox 653 1910 725 1945; x_wconf 88' lang='grc' dir='ltr'>ως</span> <span class='ocrx_word' id='word_1_152' title='bbox 762 1883 915 1959; x_wconf 80' lang='grc' dir='ltr'>ἥρωϊ,</span> <span class='ocrx_word' id='word_1_153' title='bbox 961 1882 1397 1959; x_wconf 81' lang='grc' dir='ltr'>ἐπονομάζοντες</span> <span class='ocrx_word' id='word_1_154' title='bbox 1433 1872 1499 1942; x_wconf 83' lang='grc' dir='ltr'>το</span> <span class='ocrx_word' id='word_1_155' title='bbox 1541 1908 1762 1959; x_wconf 88' lang='grc' dir='ltr'>ουνομα.</span> 
     </span>
     <span class='ocr_line' id='line_1_23' title="bbox 159 1969 1764 2048; baseline 0 -19"><span class='ocrx_word' id='word_1_156' title='bbox 159 1969 447 2046; x_wconf 85' lang='grc' dir='ltr'>βασιλευς</span> <span class='ocrx_word' id='word_1_157' title='bbox 484 1973 587 2046; x_wconf 84' lang='grc' dir='ltr'>μὲν</span> <span class='ocrx_word' id='word_1_158' title='bbox 631 1971 699 2046; x_wconf 85' lang='grc' dir='ltr'>δη</span> <span class='ocrx_word' id='word_1_159' title='bbox 743 1972 970 2047; x_wconf 69' lang='grc' dir='ltr'>Ξέρξης,</span> <span class='ocrx_word' id='word_1_160' title='bbox 1013 1969 1369 2045; x_wconf 75' lang='grc' dir='ltr'>ἀπολομένου</span> <span class='ocrx_word' id='word_1_161' title='bbox 1406 1969 1764 2048; x_wconf 86' lang='grc' dir='ltr'>Ἀρταχαίεω,</span> 
     </span>
     <span class='ocr_line' id='line_1_24' title="bbox 159 2058 767 2136; baseline 0.002 -18"><span class='ocrx_word' id='word_1_162' title='bbox 159 2058 416 2120; x_wconf 82' lang='grc' dir='ltr'>ἐποιέετο</span> <span class='ocrx_word' id='word_1_163' title='bbox 443 2058 767 2136; x_wconf 83' lang='grc' dir='ltr'>συμφορήν.</span> 
     </span>
    </p>

    <p class='ocr_par' dir='ltr' id='par_1_3' title="bbox 158 2145 1865 3277">
     <span class='ocr_line' id='line_1_25' title="bbox 247 2145 1865 2226; baseline 0.002 -22"><span class='ocrx_word' id='word_1_164' title='bbox 247 2149 326 2205; x_wconf 80' lang='grc' dir='ltr'>Οἱ</span> <span class='ocrx_word' id='word_1_165' title='bbox 353 2146 413 2204; x_wconf 80' lang='grc' dir='ltr'>δὲ</span> <span class='ocrx_word' id='word_1_166' title='bbox 437 2145 836 2224; x_wconf 69' lang='grc' dir='ltr'>ὑποδεκόμενοι</span> <span class='ocrx_word' id='word_1_167' title='bbox 859 2147 1151 2224; x_wconf 84' lang='grc' dir='ltr'>Ἑλλήνων</span> <span class='ocrx_word' id='word_1_168' title='bbox 1184 2147 1290 2225; x_wconf 80' lang='grc' dir='ltr'>τὴν</span> <span class='ocrx_word' id='word_1_169' title='bbox 1320 2147 1593 2226; x_wconf 78' lang='grc' dir='ltr'>στρατιὴν</span> <span class='ocrx_word' id='word_1_170' title='bbox 1634 2148 1726 2208; x_wconf 85' lang='grc' dir='ltr'>καὶ</span> <span class='ocrx_word' id='word_1_171' title='bbox 1750 2150 1865 2209; x_wconf 87' lang='grc'>118</span> 
     </span>
     <span class='ocr_line' id='line_1_26' title="bbox 158 2234 1768 2314; baseline 0.001 -20"><span class='ocrx_word' id='word_1_172' title='bbox 158 2234 535 2304; x_wconf 84' lang='grc' dir='ltr'>δειπνίζοντες</span> <span class='ocrx_word' id='word_1_173' title='bbox 577 2235 788 2314; x_wconf 79' lang='grc' dir='ltr'>Ξέρξεα</span> <span class='ocrx_word' id='word_1_174' title='bbox 833 2240 888 2298; x_wconf 82' lang='grc' dir='ltr'>ἐς</span> <span class='ocrx_word' id='word_1_175' title='bbox 929 2241 1043 2295; x_wconf 80' lang='grc' dir='ltr'>πᾶν</span> <span class='ocrx_word' id='word_1_176' title='bbox 1087 2240 1259 2295; x_wconf 84' lang='grc' dir='ltr'>κακοῦ</span> <span class='ocrx_word' id='word_1_177' title='bbox 1302 2236 1585 2310; x_wconf 79' lang='grc' dir='ltr'>ἀπικέατο,</span> <span class='ocrx_word' id='word_1_178' title='bbox 1628 2235 1768 2296; x_wconf 74' lang='grc' dir='ltr'>οὕτω</span> 
     </span>
     <span class='ocr_line' id='line_1_27' title="bbox 163 2320 1767 2405; baseline 0.001 -22"><span class='ocrx_word' id='word_1_179' title='bbox 163 2322 317 2383; x_wconf 76' lang='grc' dir='ltr'>ὥστε</span> <span class='ocrx_word' id='word_1_180' title='bbox 361 2320 669 2382; x_wconf 72' lang='grc' dir='ltr'>ἀνάστατοι</span> <span class='ocrx_word' id='word_1_181' title='bbox 711 2327 771 2382; x_wconf 89' lang='grc' dir='ltr'>ἐκ</span> <span class='ocrx_word' id='word_1_182' title='bbox 813 2326 924 2383; x_wconf 74' lang='grc' dir='ltr'>τῶν</span> <span class='ocrx_word' id='word_1_183' title='bbox 966 2325 1150 2383; x_wconf 80' lang='grc' dir='ltr'>οἰκίων</span> <span class='ocrx_word' id='word_1_184' title='bbox 1194 2324 1458 2404; x_wconf 85' lang='grc' dir='ltr'>ἐγίνοντο·</span> <span class='ocrx_word' id='word_1_185' title='bbox 1515 2323 1646 2384; x_wconf 82' lang='grc' dir='ltr'>ὅκου</span> <span class='ocrx_word' id='word_1_186' title='bbox 1700 2350 1767 2405; x_wconf 85' lang='grc' dir='ltr'>γε</span> 
     </span>
     <span class='ocr_line' id='line_1_28' title="bbox 163 2410 1765 2490; baseline 0.001 -21"><span class='ocrx_word' id='word_1_187' title='bbox 163 2411 442 2472; x_wconf 82' lang='grc' dir='ltr'>Θασίοισι</span> <span class='ocrx_word' id='word_1_188' title='bbox 468 2410 745 2488; x_wconf 73' lang='grc' dir='ltr'>ὖπὲρτῶν</span> <span class='ocrx_word' id='word_1_189' title='bbox 771 2417 830 2471; x_wconf 87' lang='grc' dir='ltr'>ἐν</span> <span class='ocrx_word' id='word_1_190' title='bbox 855 2414 927 2489; x_wconf 74' lang='grc' dir='ltr'>τῇ</span> <span class='ocrx_word' id='word_1_191' title='bbox 952 2410 1162 2490; x_wconf 74' lang='grc' dir='ltr'>ἠπείρῳ</span> <span class='ocrx_word' id='word_1_192' title='bbox 1190 2411 1401 2470; x_wconf 87' lang='grc' dir='ltr'>πολίων</span> <span class='ocrx_word' id='word_1_193' title='bbox 1425 2415 1534 2470; x_wconf 76' lang='grc' dir='ltr'>τῶν</span> <span class='ocrx_word' id='word_1_194' title='bbox 1562 2413 1765 2487; x_wconf 83' lang='grc' dir='ltr'>σφετέ-</span> 
     </span>
     <span class='ocr_line' id='line_1_29' title="bbox 163 2496 1770 2575; baseline -0.001 -17"><span class='ocrx_word' id='word_1_195' title='bbox 163 2524 280 2573; x_wconf 88' lang='grc' dir='ltr'>ρων</span> <span class='ocrx_word' id='word_1_196' title='bbox 321 2496 674 2573; x_wconf 76' lang='grc' dir='ltr'>δεξαμένοισι</span> <span class='ocrx_word' id='word_1_197' title='bbox 715 2499 820 2575; x_wconf 78' lang='grc' dir='ltr'>τὴν</span> <span class='ocrx_word' id='word_1_198' title='bbox 863 2499 1079 2575; x_wconf 82' lang='grc' dir='ltr'>Ξέρξεω</span> <span class='ocrx_word' id='word_1_199' title='bbox 1123 2497 1395 2573; x_wconf 76' lang='grc' dir='ltr'>στρατιήν</span> <span class='ocrx_word' id='word_1_200' title='bbox 1437 2497 1529 2555; x_wconf 86' lang='grc' dir='ltr'>καὶ</span> <span class='ocrx_word' id='word_1_201' title='bbox 1572 2498 1770 2557; x_wconf 83' lang='grc' dir='ltr'>δειπνί-</span> 
     </span>
     <span class='ocr_line' id='line_1_30' title="bbox 164 2582 1773 2667; baseline 0.001 -22"><span class='ocrx_word' id='word_1_202' title='bbox 164 2610 317 2645; x_wconf 89' lang='grc' dir='ltr'>σασι</span> <span class='ocrx_word' id='word_1_203' title='bbox 341 2584 709 2661; x_wconf 87' lang='grc' dir='ltr'>Ἀντίπατρος</span> <span class='ocrx_word' id='word_1_204' title='bbox 728 2584 761 2645; x_wconf 79' lang='grc' dir='ltr'>ὅ</span> <span class='ocrx_word' id='word_1_205' title='bbox 786 2584 1020 2667; x_wconf 87' lang='grc' dir='ltr'>Ὀργέος</span> <span class='ocrx_word' id='word_1_206' title='bbox 1045 2582 1427 2661; x_wconf 77' lang='grc' dir='ltr'>ἀραιρημένος,</span> <span class='ocrx_word' id='word_1_207' title='bbox 1445 2588 1557 2643; x_wconf 79' lang='grc' dir='ltr'>τῶν</span> <span class='ocrx_word' id='word_1_208' title='bbox 1583 2584 1773 2647; x_wconf 79' lang='grc' dir='ltr'>οἰστῶν</span> 
     </span>
     <span class='ocr_line' id='line_1_31' title="bbox 165 2671 1768 2752; baseline 0.001 -20"><span class='ocrx_word' id='word_1_209' title='bbox 165 2672 310 2751; x_wconf 73' lang='grc' dir='ltr'>οἷνηρ</span> <span class='ocrx_word' id='word_1_210' title='bbox 353 2672 651 2749; x_wconf 80' lang='grc' dir='ltr'>δόκιμος</span> <span class='ocrx_word' id='word_1_211' title='bbox 620 2677 789 2752; x_wconf 84' lang='grc' dir='ltr'>ομοῖα</span> <span class='ocrx_word' id='word_1_212' title='bbox 826 2677 904 2752; x_wconf 77' lang='grc' dir='ltr'>τιῖ</span> <span class='ocrx_word' id='word_1_213' title='bbox 928 2672 1202 2749; x_wconf 53' lang='grc' dir='ltr'>μάλιστα,</span> <span class='ocrx_word' id='word_1_214' title='bbox 1232 2671 1514 2741; x_wconf 79' lang='grc' dir='ltr'>απέδεξε’</span> <span class='ocrx_word' id='word_1_215' title='bbox 1490 2697 1545 2734; x_wconf 89' lang='grc' dir='ltr'>ες</span> <span class='ocrx_word' id='word_1_216' title='bbox 1568 2698 1633 2733; x_wconf 92' lang='grc' dir='ltr'>το</span> <span class='ocrx_word' id='word_1_217' title='bbox 1664 2674 1768 2733; x_wconf 79' lang='grc' dir='ltr'>δεῖ·</span> 
     </span>
     <span class='ocr_line' id='line_1_32' title="bbox 164 2760 1770 2844; baseline -0.001 -24"><span class='ocrx_word' id='word_1_218' title='bbox 164 2785 311 2821; x_wconf 85' lang='grc' dir='ltr'>πνον</span> <span class='ocrx_word' id='word_1_219' title='bbox 363 2760 703 2838; x_wconf 82' lang='grc' dir='ltr'>τετρακόσια</span> <span class='ocrx_word' id='word_1_220' title='bbox 756 2760 1009 2821; x_wconf 89' lang='grc' dir='ltr'>ταλαντα·</span> <span class='ocrx_word' id='word_1_221' title='bbox 1062 2760 1327 2844; x_wconf 74' lang='grc' dir='ltr'>ἀργυρίου</span> <span class='ocrx_word' id='word_1_222' title='bbox 1378 2763 1770 2837; x_wconf 87' lang='grc' dir='ltr'>τετελεσμένα.</span> 
     </span>
     <span class='ocr_line' id='line_1_33' title="bbox 161 2842 1864 2927; baseline -0.001 -19.979"><span class='ocrx_word' id='word_1_223' title='bbox 161 2842 268 2912; x_wconf 83' lang='grc' dir='ltr'>Ως</span> <span class='ocrx_word' id='word_1_224' title='bbox 312 2847 373 2907; x_wconf 82' lang='grc' dir='ltr'>δὲ</span> <span class='ocrx_word' id='word_1_225' title='bbox 415 2849 825 2925; x_wconf 87' lang='grc' dir='ltr'>παραπλησίως</span> <span class='ocrx_word' id='word_1_226' title='bbox 861 2848 954 2907; x_wconf 86' lang='grc' dir='ltr'>καὶ</span> <span class='ocrx_word' id='word_1_227' title='bbox 991 2853 1049 2907; x_wconf 87' lang='grc' dir='ltr'>ἐν</span> <span class='ocrx_word' id='word_1_228' title='bbox 1099 2852 1236 2925; x_wconf 86' lang='grc' dir='ltr'>τῇσι</span> <span class='ocrx_word' id='word_1_229' title='bbox 1272 2846 1491 2927; x_wconf 81' lang='grc' dir='ltr'>αλλῃσι</span> <span class='ocrx_word' id='word_1_230' title='bbox 1525 2848 1726 2907; x_wconf 89' lang='grc' dir='ltr'>πόλισι</span> <span class='ocrx_word' id='word_1_231' title='bbox 1751 2849 1864 2905; x_wconf 90' lang='grc'>119</span> 
     </span>
     <span class='ocr_line' id='line_1_34' title="bbox 166 2934 1769 3016; baseline -0.004 -19"><span class='ocrx_word' id='word_1_232' title='bbox 166 2939 224 2997; x_wconf 78' lang='grc' dir='ltr'>οἶ</span> <span class='ocrx_word' id='word_1_233' title='bbox 265 2940 605 3000; x_wconf 75' lang='grc' dir='ltr'>ἐπεστεῶτες</span> <span class='ocrx_word' id='word_1_234' title='bbox 643 2936 1042 2997; x_wconf 75' lang='grc' dir='ltr'>ἀπεδείκνυσαν</span> <span class='ocrx_word' id='word_1_235' title='bbox 1073 2935 1173 2996; x_wconf 84' lang='grc' dir='ltr'>τὸν</span> <span class='ocrx_word' id='word_1_236' title='bbox 1202 2935 1503 3016; x_wconf 83' lang='grc' dir='ltr'>λόγον·τό</span> <span class='ocrx_word' id='word_1_237' title='bbox 1529 2935 1639 3016; x_wconf 82' lang='grc' dir='ltr'>γοὶρ</span> <span class='ocrx_word' id='word_1_238' title='bbox 1667 2934 1769 2991; x_wconf 78' lang='grc' dir='ltr'>δεῖ·</span> 
     </span>
     <span class='ocr_line' id='line_1_35' title="bbox 164 3021 1778 3106; baseline -0.006 -22"><span class='ocrx_word' id='word_1_239' title='bbox 164 3049 312 3085; x_wconf 88' lang='grc' dir='ltr'>πνον</span> <span class='ocrx_word' id='word_1_240' title='bbox 344 3023 560 3085; x_wconf 87' lang='grc' dir='ltr'>τοιόνδε</span> <span class='ocrx_word' id='word_1_241' title='bbox 587 3051 642 3085; x_wconf 91' lang='grc' dir='ltr'>τι</span> <span class='ocrx_word' id='word_1_242' title='bbox 669 3026 896 3106; x_wconf 86' lang='grc' dir='ltr'>ἐγίνετο,</span> <span class='ocrx_word' id='word_1_243' title='bbox 925 3024 1016 3083; x_wconf 83' lang='grc' dir='ltr'>οἷα</span> <span class='ocrx_word' id='word_1_244' title='bbox 1043 3028 1103 3083; x_wconf 84' lang='grc' dir='ltr'>ἐκ</span> <span class='ocrx_word' id='word_1_245' title='bbox 1129 3026 1354 3082; x_wconf 83' lang='grc' dir='ltr'>πολλοῦ</span> <span class='ocrx_word' id='word_1_246' title='bbox 1391 3021 1596 3101; x_wconf 85' lang='grc' dir='ltr'>χρόνου</span> <span class='ocrx_word' id='word_1_247' title='bbox 1634 3043 1778 3093; x_wconf 89' lang='grc' dir='ltr'>προ-</span> 
     </span>
     <span class='ocr_line' id='line_1_36' title="bbox 165 3105 1770 3190; baseline -0.001 -18"><span class='ocrx_word' id='word_1_248' title='bbox 165 3113 466 3190; x_wconf 85' lang='grc' dir='ltr'>ειρημένον</span> <span class='ocrx_word' id='word_1_249' title='bbox 509 3114 603 3171; x_wconf 88' lang='grc' dir='ltr'>καὶ</span> <span class='ocrx_word' id='word_1_250' title='bbox 644 3114 770 3190; x_wconf 84' lang='grc' dir='ltr'>περὶ</span> <span class='ocrx_word' id='word_1_251' title='bbox 807 3114 1032 3175; x_wconf 77' lang='grc' dir='ltr'>πολλοῦ</span> <span class='ocrx_word' id='word_1_252' title='bbox 1067 3110 1411 3186; x_wconf 81' lang='grc' dir='ltr'>ποιεύμενον·</span> <span class='ocrx_word' id='word_1_253' title='bbox 1451 3109 1618 3165; x_wconf 77' lang='grc' dir='ltr'>τοῦτο</span> <span class='ocrx_word' id='word_1_254' title='bbox 1650 3105 1770 3178; x_wconf 71' lang='grc' dir='ltr'>μὲν,</span> 
     </span>
     <span class='ocr_line' id='line_1_37' title="bbox 165 3192 1782 3277; baseline -0.006 -14"><span class='ocrx_word' id='word_1_255' title='bbox 165 3199 244 3263; x_wconf 75' lang='grc' dir='ltr'>ὥς</span> <span class='ocrx_word' id='word_1_256' title='bbox 284 3199 562 3262; x_wconf 75' lang='grc' dir='ltr'>ἐπύθοντο</span> <span class='ocrx_word' id='word_1_257' title='bbox 598 3226 843 3277; x_wconf 81' lang='grc' dir='ltr'>ταχιστα</span> <span class='ocrx_word' id='word_1_258' title='bbox 878 3203 989 3259; x_wconf 76' lang='grc' dir='ltr'>τῶν</span> <span class='ocrx_word' id='word_1_259' title='bbox 1021 3197 1269 3276; x_wconf 77' lang='grc' dir='ltr'>κηρύκων</span> <span class='ocrx_word' id='word_1_260' title='bbox 1299 3198 1410 3256; x_wconf 79' lang='grc' dir='ltr'>τῶν</span> <span class='ocrx_word' id='word_1_261' title='bbox 1442 3192 1782 3273; x_wconf 48' lang='grc' dir='ltr'>περιαγγελζ</span> 
     </span>
    </p>
   </div>
  </div>
 </body>
</html>
