2100 3409
223 64 514 130 115—118]
859 64 1185 116 ὀωΡΔΝῙκ
1728 65 1824 119 267

217 146 362 210 λεῧς
377 151 487 227 γῆς
502 171 567 207 τε
591 147 693 222 τῆς
718 150 1137 223 Κρηστωνικῆς,
1158 143 1349 223 Θρήῖξ,
1373 145 1535 226 ἔργον
1549 145 1827 223 ὖπερφυὲς

222 233 534 314 ἐργάσατο·
589 233 651 297 ὃς
683 232 808 292 οὕτε
839 233 1005 297 αὐτὸς
1042 234 1154 310 ἔφη
1182 236 1259 312 τῷ
1293 233 1474 312 Ξέρξῃ
1514 232 1651 292 ἑκὶδν
1690 233 1828 292 εἶναι

221 320 573 391 δουλεύσειν,
601 319 732 379 ἀλλ’
754 321 939 399 οἴχετο
960 319 1073 381 ἅνω
1095 327 1149 385 ἐς
1165 321 1234 382 τὸ
1255 318 1415 398 οὖρος
1432 319 1539 395 τήν
1555 319 1830 395 Ῥοδόπην

219 410 389 470 τοῖσί
419 434 482 469 τε
515 409 683 468 παισὶ
716 407 1028 489 ἀπηγόρευε
1058 409 1141 485 μή
1171 408 1577 485 στρατεύεσθαι
1612 407 1704 467 ἐπὶ
1726 407 1831 483 τήν

219 495 505 556 Ἑλλάδα·
563 499 617 555 οἱ
658 496 718 555 δὲ
760 495 1162 576 ἀλογήσαντες,
1202 494 1241 572 ἦ
1283 494 1472 559 ἄλλως
1508 501 1622 570 σφι
1657 495 1831 570 θυμὸς

225 585 452 665 ἐγένετο
490 582 810 659 θεήσασθαι
843 583 945 643 τόν
979 583 1250 658 πόλεμον,
1279 581 1677 660 ἐστρατεύοντο
1713 580 1854 658 ἅμα

224 675 310 749 τῷ
340 671 564 748 Πέρσῃ·
619 671 736 730 ἐπεὶ
777 670 838 729 δὲ
872 669 1237 749 ἀνεχώρησαν
1266 670 1486 734 α’,σινέες
1518 670 1734 740 πάντες,
1772 669 1836 738 ἓξ

226 757 431 831 ἐόντες,
471 758 702 835 ἐξώρυξε
737 757 917 818 αὐτῶν
942 757 975 818 ὁ
1001 757 1189 835 πατὴρ
1225 757 1355 821 τοῦς
1385 757 1719 833 ὄφθαλμούς
1744 756 1835 816 διὰ

225 845 338 921 τὴν
373 846 555 921 αἰτίην
589 845 813 921 ταύτην·
855 846 948 904 καὶ
974 843 1128 905 οὗτοι
1152 848 1257 922 μὲν
1280 849 1479 905 τοῦτον
1502 843 1601 905 τᾶν
1624 844 1835 922 μισθόν

227 934 465 1009 ἔλαβον.
549 935 622 992 Οἱ
647 932 708 992 δὲ
734 933 959 1010 Πέρσαι
984 932 1057 996 ὥς
1082 937 1143 992 ἐκ
1172 937 1274 1008 τῆς
1299 933 1541 1010 Θρηίκης
1564 932 1791 1010 πορευό-
1814 931 1927 992 117

225 1022 395 1099 μενοι
419 1019 681 1080 ἀπίκοντο
716 1020 811 1079 ἐπὶ
844 1020 943 1081 τόν
973 1019 1165 1097 πόρον,
1195 1021 1539 1101 ἐπειγόμενοι
1572 1019 1671 1081 τόν
1704 1020 1832 1079 Ἑλ-

225 1108 564 1185 λήσποντον
607 1111 746 1187 τῇσι
778 1108 947 1183 νηυσὶ
991 1107 1269 1183 διέβησαν
1313 1113 1367 1171 ἐς
1402 1107 1676 1183 Ἀβυδον·
1736 1107 1837 1170 τοὶς

224 1196 347 1278 γὰρ
401 1194 632 1275 σχεδίας
672 1194 773 1255 οὔκ
814 1193 975 1273 εὗρον
1015 1195 1097 1254 ἔτι
1137 1194 1507 1270 ἐντεταμένας,
1552 1193 1683 1253 ἀλλ’
1724 1194 1835 1255 ὖπό

225 1286 505 1363 χειμῶνος
556 1282 974 1360 διαλελυμένας.
1060 1282 1296 1342 ἐνθαῦτα
1349 1280 1409 1339 δὲ
1456 1280 1833 1360 κατεχόμενοι,

228 1372 395 1431 σίτια
433 1396 496 1431 τε
535 1370 692 1429 πλέω
730 1370 769 1448 ἦ
815 1370 933 1431 κατ’
975 1369 1107 1430 όδόν
1159 1368 1488 1451 ἐλάγχανον,
1537 1368 1731 1428 οὐδένα
1775 1394 1838 1428 τε

229 1458 458 1535 κόσμον
524 1458 938 1535 ἐμπιπλάμενοι
990 1459 1082 1518 καὶ
1133 1457 1308 1518 ὕδατα
1359 1457 1836 1534 μεταβάλλοντες,

229 1547 595 1622 ἀπέθνησκον
628 1551 730 1607 τοῦ
766 1550 1013 1624 στρατοῦ
1046 1550 1149 1606 τοῦ
1173 1545 1489 1623 περιεόντος
1512 1546 1742 1606 πολλοί·
1784 1549 1839 1606 οἶ

231 1635 313 1693 δὲ
325 1632 582 1693 λοιποὶ”
546 1660 663 1710 αμα
688 1633 932 1712 Ξέρξῃ’
896 1634 1249 1693 απικνέονται
1268 1638 1324 1696 ἐς
1350 1632 1569 1709 Σάρδις.

144 1800 149 1805 .
306 1720 483 1782 Ἔστι
525 1721 586 1781 δὲ
627 1721 719 1781 καὶ
759 1721 936 1784 ἄλλος
987 1720 1079 1780 ὅδε
1130 1718 1303 1800 λόγος
1352 1720 1671 1800 λεγόμενος,
1728 1719 1800 1782 οἷς
1818 1721 1934 1779 118

234 1809 431 1885 ἐπειδὴ
467 1809 679 1887 Ξέρξης
718 1807 1043 1868 απελαύνων
1083 1807 1147 1876 ἐξ
1180 1806 1459 1881 Ἀθηνέων
1494 1806 1723 1865 απίκετο
1754 1805 1838 1865 ἐπ’

233 1897 441 1957 Ἠιόνα
484 1923 588 1972 την
641 1897 733 1956 ἐπὶ
774 1894 1067 1972 Στρυμόνι,
1112 1895 1359 1954 ἐνθεῦτεν
1401 1893 1583 1953 οὐκέτι
1621 1893 1840 1953 οδοιπο·

235 1986 400 2064 ρι’ῃσι
441 1985 734 2063 διεχρέετο,
781 1983 936 2042 αλλα
974 1983 1080 2057 τὴν
1120 1984 1223 2058 μὲν
1277 1980 1545 2057 στρατιὴν
1589 1980 1842 2057 ’Υδάρνεῖ

222 2074 523 2150 ἐπιτρέπει
571 2069 808 2152 σ’,ποῖγειν
855 2076 909 2133 ἐς
952 2070 1053 2130 τὸν
1098 2068 1543 2144 Ελλήσποντον,
1588 2068 1753 2132 αὗτός
1795 2067 1842 2126 δ’

237 2161 337 2220 ἐπὶ
361 2159 492 2235 νηὸς
517 2160 824 2234 Φοινίσσης
851 2157 1070 2235 ἐπιβὰς,
1100 2157 1436 2235 ἐκομίζετο’
1412 2183 1465 2219 ες
1494 2157 1598 2232 τὴν
1622 2156 1843 2231 Ἀσίην·

236 2247 508 2307 πλώοντα
533 2247 596 2306 δέ
618 2273 715 2324 μιν
736 2245 939 2323 ἄνεμον
961 2246 1307 2323 Στρυμονίην
1323 2244 1641 2321 ὑπολαβεῖν
1665 2245 1845 2325 μέγαν

241 2337 339 2396 καὶ
370 2330 657 2412 κυματίην·
712 2335 805 2392 καὶ
834 2333 920 2409 δή,
957 2338 1183 2410 μᾶλλον
1212 2334 1323 2415 γάρ
1353 2360 1409 2393 τι
1440 2333 1844 2412 χειμαίνεσθαι,

241 2423 532 2504 γεμούσης
573 2427 675 2497 τῆς
720 2421 866 2498 νηός,
911 2421 1056 2481 ὥστε
1101 2422 1193 2480 ἐπὶ
1233 2425 1333 2480 τοῦ
1378 2419 1847 2497 καταστρώματος

244 2511 520 2571 ἐπεόντων
560 2505 792 2589 συχνῶν·
821 2510 1089 2587 Περσέων
1127 2513 1238 2569 τῶν
1277 2507 1384 2566 σῦν
1410 2507 1593 2584 Ξέρξῃ
1629 2508 1845 2583 κομιζο·

243 2599 442 2675 μένων,
500 2600 735 2658 ἐνθαῦτα
795 2602 850 2661 ἐς
912 2597 1075 2672 δεῖμα
1126 2594 1374 2654 πεσόντα
1424 2592 1524 2653 τόν
1576 2594 1845 2669 βασιλέα,

248 2686 503 2764 εἴρεσθαι
534 2685 806 2762 βώσαντα
840 2684 939 2744 τόν
980 2682 1338 2760 κυβερνήτεα,
1373 2680 1423 2740 εἴ
1456 2706 1540 2744 τις
1576 2681 1703 2740 ἐστί
1735 2687 1850 2756 σφι

247 2775 516 2851 σωτηρίη,
546 2773 638 2832 καὶ
673 2772 774 2833 τᾶν
805 2772 973 2830 εἶπαι·
1015 2782 1049 2807 “
1072 2771 1337 2838 δέσποτα,
1377 2767 1475 2827 οὐκ
1513 2770 1665 2828 ἔστιν
1700 2768 1845 2826 οὐδε-

151 2922 167 2935 ,
245 2864 370 2940 μία,
396 2860 467 2938 ἦν
490 2860 573 2938 μή
592 2860 800 2921 τούτων
819 2858 1128 2939 ἀπαλλαγή
1148 2883 1232 2921 τις
1249 2857 1475 2938 γένηται
1493 2860 1606 2915 τῶν
1616 2859 1850 2914 πολλῶν

250 2947 617 3025 ἐπιβατέωνῬ
678 2947 770 3006 καὶ
809 2947 1019 3024 Ξέρξεα
1058 2947 1282 3026 λέγεται
1321 2943 1636 3002 ἀκούσαντα
1673 2945 1849 2998 ταῦτα

252 3037 424 3095 ειπαι·
487 3047 524 3072 “
539 3034 731 3111 ἄνδρες
771 3035 1009 3110 Πέρσαι,
1054 3037 1152 3091 νῦν
1204 3058 1287 3094 τις
1339 3028 1633 3096 διαδεξάτω
1671 3025 1851 3099 υμέων

249 3125 535 3200 βασιλέος
567 3121 884 3199 κηδόμενος·
926 3125 984 3179 ἐν
1013 3119 1145 3197 υμῖν
1183 3118 1295 3200 γοῖρ
1335 3116 1450 3176 οἶκε
1487 3111 1624 3172 εἶναι
1660 3112 1784 3186 ἐμοὶ
1812 3111 1852 3187 ἠ

252 3208 558 3288 σωτηρίη·
597 3208 698 3272 τᾶν
720 3210 824 3287 μὲν
847 3211 1025 3270 ταῦτα
1053 3207 1259 3287 λέγειν·
1297 3227 1428 3265 τους
1452 3200 1511 3260 δε
1547 3198 1850 3274 προσκυνέ-
