2100 3409
329 46 424 93 188
810 36 819 45 ’
938 42 1307 93 ΗΡΟΔΟΤΟΤ

230 124 341 182 165
400 123 638 204 Λέγεται
656 120 719 182 δὲ
744 120 836 180 καὶ
859 120 1042 181 τάδε’
1010 121 1121 181 υπό
1142 124 1251 180 τῶν
1271 126 1331 181 ἐν
1351 121 1582 202 Σικελίῃ
1600 124 1926 201 οἰκημένων,

324 237 394 274 ως
420 210 566 287 ὅμως
601 212 692 270 καὶ
723 211 950 287 μέλλων
973 208 1310 287 ἅρχεσθαι“
1277 210 1389 268 mr&
1416 211 1928 288 Λακεδαιμονίωνε
1896 240 1927 272 ο

322 301 511 359 Γέλων
539 296 883 375 ἐβοήθησε*
851 323 919 357 αν
942 302 1095 356 τοῖσι
1109 296 1381 374 Ἕλλησι,
1410 302 1459 356 εἰ
1482 298 1565 375 μὴ
1592 298 1702 358 find
1732 300 1923 377 Θήρω-

319 414 414 451 νος
446 393 547 447 τοῦ
581 386 964 462 Αἰνησιδήμου
995 384 1436 466 Ἀκραγαντίνων
1466 386 1792 467 μουνάρχου
1819 388 1923 458 ἐξε-

322 477 556 539 λασθεὶς
590 475 652 543 ἐξ
681 473 899 549 Ιμέρης
933 472 1271 549 Τήριλλος”
1239 499 1271 532 ο
1298 473 1634 548 Κρινίππου,
1663 474 1921 552 τύραννος

323 563 425 623 ἐων
470 563 705 639 Ἱμέρης,
756 565 928 641 ἐπῆγε
970 559 1062 619 ὑπ’
1110 559 1278 621 αὐτὸν
1321 560 1420 620 τᾶν
1472 560 1678 672 χρόνον
1726 567 1918 623 τοῦτον

320 652 587 712 Φοινίκων
629 650 720 709 καὶ
759 650 988 720 Λιβύων
1029 649 1121 706 καὶ
1158 646 1398 724 Ἰβήρων
1437 651 1532 707 καὶ
1571 648 1794 730 Αιγυων
1832 650 1918 709 καὶ

319 737 633 799 Ελισύκων
678 738 770 797 καὶ
818 737 1131 815 Σαρδονίων
1178 737 1271 795 καὶ
1324 737 1577 813 Κυρνίων
1628 737 1916 813 τριήκοντα

321 828 604 904 μυριάδας,
633 827 723 884 καὶ
751 823 1070 904 στρατηγὸν
1096 823 1274 884 αὐτῶν
1297 823 1577 901 Ἀμθικαν
1601 823 1702 884 τᾶν
1716 824 1913 885 ”Amo-

322 939 414 978 νος
463 914 857 992 Καρχηδονίων
904 912 1065 972 ἐόντα
1105 913 1377 988 βασιλέα·
1435 912 1577 971 κατὰ
1620 912 1823 989 ξεινίην
1858 939 1914 971 τε

320 1001 424 1077 τήν
452 1005 650 1060 ἑωυτοῦ
681 1000 712 1060 ὁ
749 1001 1031 1077 Τήριλλος
1062 999 1402 1081 ἀναγνώσας,
1431 1001 1522 1060 καὶ
1547 1000 1806 1077 μάλιστα
1828 1001 1911 1059 διὰ

318 1089 424 1164 τὴν
454 1088 755 1158 Ἀναξίλεω
791 1092 891 1147 τοῦ
929 1089 1214 1163 Κρητίνεω
1243 1089 1575 1164 προθυμίην,
1602 1086 1666 1152 ὃς
1696 1088 1909 1170 Ῥηγίου

321 1177 425 1237 ε’ὠν
449 1176 725 1254 τύραννος,
747 1176 819 1235 τὰ
845 1179 1049 1235 ἑωυτοῦ
1072 1177 1236 1235 τέκνα
1260 1175 1386 1238 δοῦς
1409 1176 1654 1252 ὁμήρους
1676 1175 1908 1254 Ἀμίλκᾳ

322 1267 499 1346 ἐπῆγέ
534 1292 631 1342 μιν
663 1267 755 1323 ἐπὶ
784 1264 888 1340 τὴν
920 1264 1196 1339 Σικελίην,
1227 1265 1501 1339 τιμωρέων
1538 1267 1617 1342 τῷ
1654 1267 1906 1344 πενθερῷ·

322 1354 606 1429 Τηρίλλου
645 1350 756 1430 γὰρ
795 1351 909 1429 εἶχε
943 1352 1221 1432 θυγατέρα
1237 1350 1582 1420 ,Ἀναξίλεως
1610 1356 1684 1431 τῇ
1710 1352 1906 1430 οὕνομα

320 1437 391 1513 ἦν
418 1439 701 1513 Κυδίππη·
730 1437 870 1496 οὕτω
896 1438 964 1513 δή
993 1438 1093 1498 οῦκ
1120 1437 1237 1499 οἶόν
1259 1464 1323 1498 τε
1340 1438 1638 1520 γενόμενον
1656 1441 1904 1516 βοηθέειν

130 1586 137 1591 ,
320 1523 421 1584 τᾶν
453 1526 678 1586 Γέλωνα
713 1528 867 1585 τοῖσι
892 1523 1164 1604 Ἕλλησι,
1192 1524 1546 1604 ἀποπέμπειν
1571 1531 1626 1590 ἐς
1653 1529 1903 1604 Δελφοῦς

229 1615 343 1673 166
362 1614 431 1673 τοὶ
457 1614 752 1693 χρήματαπ
801 1614 963 1692 Πρός
983 1616 1043 1675 δὲ
1070 1617 1161 1675 καὶ
1185 1616 1316 1675 τάδε
1334 1615 1585 1696 λέγουσι,
1609 1642 1682 1679 ως
1699 1617 1901 1728 συνέβη

320 1706 421 1778 τῆς
473 1701 643 1778 αυτ-ἧς
691 1702 901 1780 ἡμέρης
952 1704 1009 1763 ἓν
1054 1730 1139 1764 τε
1160 1708 1232 1782 τῇ
1277 1704 1505 1782 Σικελίῃ
1551 1704 1775 1764 Γέλωνα
1816 1707 1900 1764 καὶ

320 1790 553 1869 Θήρωνα
596 1814 755 1851 νικαν
803 1789 1083 1867 Αμίλκαν
1129 1790 1229 1850 τᾶν
1275 1791 1678 1870 Καρχηδόνιον,
1723 1793 1810 1851 καὶ
1847 1797 1899 1852 ἐν

253 1894 258 1899 ’
321 1880 600 1956 Σαλαμῖνι
623 1879 752 1943 τοῦς
766 1877 1055 1953 ’Έλληνας
1077 1877 1177 1940 τόν
1203 1880 1455 1956 Πέρσην·
1494 1878 1594 1939 τᾶν
1624 1879 1684 1938 δὲ
1716 1877 1896 1957 Ἀμίλ-

320 1992 422 2027 καν
467 1966 852 2046 Καρχηδόνιον
898 1966 1062 2026 ἐόντα
1101 1966 1243 2043 πρὸς
1282 1966 1492 2074 πατρὸς
1531 1966 1803 2044 μητρόθεν
1841 1968 1895 2027 δὲ

321 2054 717 2132 Συρηκούσιον,
769 2053 1199 2130 βασιλεύσαντά
1256 2081 1320 2115 τε
1373 2053 1488 2113 κατ’
1541 2054 1893 2136 ἀνδραγαθίην

320 2142 732 2220 Καρχηδονίων,
789 2141 860 2204 ὥς
908 2168 945 2216 η
1001 2141 1276 2218 συμβολή
1325 2168 1388 2202 τε
1439 2142 1649 2223 ἐγίνετο
1700 2142 1786 2202 καὶ
1830 2169 1892 2207 ως

321 2231 563 2287 ἑσσοῦτο
603 2230 676 2306 τῇ
720 2254 894 2306 μαχῃ,
937 2228 1320 2305 ἀφανισθῆναι
1365 2229 1730 2306 πυνθάνομαι·
1780 2230 1891 2291 οὔτε
2001 2264 2012 2273 ·

317 2340 429 2395 γαρ
468 2316 644 2385 ζωντα
684 2313 808 2373 οὔτε
845 2313 1200 2377 ἀποθανόντα
1240 2322 1482 2394 φανῆναι
1521 2317 1762 2395 ουδαμοῦ
1780 2322 1888 2399 γῆς·

229 2402 341 2463 167
359 2402 426 2462 τὸ
467 2405 579 2461 πᾶν
608 2403 718 2483 γοὶρ
758 2403 1074 2474 ἐπεξελθεῖν
1109 2404 1397 2482 διζήμενον
1426 2407 1670 2466 Γέλωνα.
1738 2405 1887 2467 Ἔστι

321 2490 382 2549 δὲ
417 2488 511 2550 υπ’
550 2488 728 2551 αὐτῶν
767 2491 1167 2571 Καρχηδονίων
1206 2491 1370 2554 ὅδε“
1337 2520 1369 2552 ο
1408 2492 1581 2573 λόγος
1612 2492 1887 2575 λεγόμενος

321 2577 490 2637 εἰκότι
513 2580 851 2658 χρεωμένων,
868 2577 940 2642 ὥς
965 2605 1020 2640 οι
1042 2604 1148 2655 μεν
1172 2579 1462 2657 βάρβαροι
1487 2585 1641 2641 τοῖσι
1655 2580 1885 2658 Ελλησι

321 2670 381 2725 ἐν
425 2669 496 2744 τῇ
543 2667 770 2746 Σικελίῃ
814 2664 1089 2744 ἐμάχοντο
1132 2666 1196 2737 ἐξ
1232 2667 1368 2743 ἠοῦς
1409 2667 1705 2745 αρξάμενοι
1740 2669 1886 2749 μέχρι

320 2751 507 2828 δείλης
554 2751 737 2829 ὀψίης·
777 2753 894 2831 (ἐπὶ
942 2758 1186 2814 τοσοῦτο
1235 2753 1348 2866 γὰρ
1399 2755 1624 2836 λέγεται
1677 2756 1885 2818 ἑλκύσαι

316 2838 422 2916 τὴν
463 2838 786 2950 σύστασιν)
830 2866 862 2899 ο
904 2840 964 2899 δὲ
998 2840 1271 2917 ’Apianae
1313 2846 1372 2902 ἐν
1412 2840 1588 2923 τούτῳ
1619 2847 1698 2923 τῷ
1726 2843 1885 2926 χρόνῳ

318 2927 496 3004 μένων
537 2930 597 2987 ἐν
641 2929 718 3004 τῷ
762 2929 1118 3008 στρατοπέδω
1160 2928 1349 2990 ἑθυετο
1395 2931 1486 2989 καὶ
1537 2933 1883 3009 ἐκαλλιρέετο,

321 3016 412 3073 ἐπὶ
437 3016 616 3092 πυρῆς
647 3012 898 3092 μεγάλης
931 3014 1167 3091 σώματα
1201 3016 1311 3077 ὅλα
1343 3018 1664 3098 καταγίζων,
1691 3020 1801 3080 {scm
1830 3021 1886 3081 δὲ

317 3103 532 3179 τροπήν
559 3103 671 3162 τῶν
700 3103 900 3160 ἑωυτοῦ
932 3104 1243 3182 γινομένην,
1275 3131 1347 3169 ως
1378 3107 1535 3185 ἔτυχε
1566 3108 1886 3169 ἐπισπένδων

310 3193 470 3262 ,τοῖσι
505 3192 695 3269 ἱροῖσι,
723 3186 835 3249 ωσε
872 3188 1133 3250 ἑωυτόν’
1106 3217 1161 3255 ες
1189 3192 1255 3252 τὸ
1285 3196 1416 3281 πῦρ·
1464 3192 1606 3254 οὕτω
1640 3193 1708 3272 δὴ
1740 3221 1886 3261 κατω-
