2100 3409
209 48 365 113 1—5]
827 49 1197 100 ΠΟΛΤΜΝῙΑ
1721 56 1811 105 119

204 128 295 190 ὅτι
324 127 661 207 νομιζόμενα
686 127 772 205 εἴη
797 127 937 205 πρὸς
956 128 1176 191 πάντων
1202 127 1503 206 ἀνθρώπων
1517 131 1618 193 τὸν
1634 158 1805 211 πρεσ-

192 216 459 292 βύτατον
490 216 595 293 τὴν
611 214 810 325 ’,ἀρχὴν
848 218 1012 295 ἔχειν·
1053 217 1294 295 Ξέρξης·
1305 216 1383 287 δὲ,
1424 216 1496 280 ὥς
1524 218 1810 298 Ἀτόσσης

202 330 266 363 τε
293 309 429 367 παῖς
456 305 540 381 εἴη
566 310 667 380 τῆς
695 304 885 380 Κύρου
918 305 1193 386 θυγατρός
1220 306 1333 365 καὶ.
1340 304 1426 366 ὅτι
1453 310 1641 383 Κΐρος
1668 310 1751 384 εἴη
1776 335 1808 369 ο

205 391 561 469 κτησάμενος
585 397 739 453 τοῖσι
768 393 1034 471 Πέρσῃσι
1053 393 1156 469 τὴν
1176 393 1510 505 ἐλευθερίην.
1570 397 1809 472 Δαρείου
1838 399 1875 455 3

205 479 265 537 δὲ
309 506 412 538 ουκ
453 479 921 557 ἀποδεικνυμένου
965 507 1040 539 κω
1079 480 1319 561 γνώμην,
1363 480 1629 563 ἐτύγχανε
1669 482 1810 543 κατοὶ

202 567 381 627 vdua-<3
408 568 663 648 τούτοισι
689 569 781 627 καὶ
807 568 1204 646 Δημάρητος“
1170 597 1204 628 ο
1236 569 1573 647 Ἀρίστωνος
1608 570 1810 647 ἀναβε-

203 655 398 731 βηκώς
453 662 509 720 ἐς
563 659 773 727 Σοῦσα,
819 656 1185 734 ἐστερημένος
1227 682 1289 716 τε
1329 661 1432 734 τῆς
1475 663 1534 718 ἐν
1578 659 1810 738 Σπάρτῃ

202 744 521 821 βασιληίης
554 746 646 804 καὶ
684 744 872 827 φυγὴν
910 745 1201 821 ε’πιβαλών
1233 750 1409 825 ἑωυτῷ
1448 751 1509 806 ἐκ
1544 747 1811 806 Λακεδαί-

202 857 396 907 μονος·
448 830 609 896 οὗτος
651 828 795 910 ὃνήρ
835 831 1147 910 πυθόμενος
1186 838 1296 893 τῶν
1330 834 1567 911 Δαρείου
1601 835 1811 894 παίδων

203 918 310 994 τήν
353 920 647 998 διαφορήν,
696 921 889 990 ε’λθών,
940 920 1010 984 ὥς
1050 920 1089 997 ἦ
1132 920 1298 997 φάτις
1331 948 1429 999 μιν
1461 924 1589 1001 ἔχει,
1625 924 1808 1034 Ξέρξῃ

206 1009 586 1083 συνεβούλευε
613 1011 799 1090 λέγειν
824 1036 963 1085 προς
987 1013 1141 1068 τοῖσι
1167 1009 1378 1091 ἔλεγε*
1350 1036 1525 1080 επεσι,
1548 1037 1619 1073 ως
1645 1010 1809 1083 αὖτός

204 1120 311 1170 μεν
334 1098 566 1176 γένοιτο
607 1097 822 1176 Δαρείω
855 1096 960 1171 ἤδη
995 1096 1372 1171 βασιλεύοντι
1401 1099 1492 1155 καὶ
1524 1098 1709 1176 ἔχοντι
1738 1124 1805 1159 το

207 1185 478 1261 Περσέων
509 1185 726 1262 κράτος·
764 1184 1187 1261 Ἀρταβαζάνης
1224 1185 1347 1243 δὲ’
1320 1210 1398 1244 ετι
1441 1185 1625 1263 ἰδιώτῃ
1664 1185 1808 1246 ε’όντι

208 1271 447 1350 Δαρείω·
507 1271 679 1332 οὔκων
728 1271 839 1332 οὔτ’
883 1270 1032 1334 οἶκος
1075 1272 1159 1347 εἴη
1201 1269 1324 1331 οὔτε
1372 1271 1582 1331 δίκαιον
1627 1271 1809 1333 ἄλλον
1885 1301 1890 1308 ’

151 1363 159 1376 “
205 1358 328 1418 τινὰ
374 1358 443 1419 τὰ
487 1361 654 1441 γέρας
701 1362 845 1440 ἔχειν
887 1360 997 1437 πρό
1057 1362 1276 1419 ἑωυτοῦ·
1337 1360 1461 1422 ε’πεί
1497 1386 1564 1440 γε
1610 1361 1701 1420 καὶ
1749 1367 1807 1422 ἐν

208 1446 459 1524 Σπάρτῃ,
504 1449 612 1524 ἔφη
654 1476 685 1508 ο
729 1448 1064 1526 Δημάρητος
1104 1447 1512 1525 ὖποτιθέμενος,
1547 1448 1686 1509 οὕτω
1719 1477 1832 1509 νο·-

206 1533 558 1610 μίξεσθαι,
525 1562 593 1610 ην
631 1539 684 1595 οἱ
708 1539 811 1613 μὲν
853 1534 1256 1618 προγεγονότες
1294 1537 1424 1596 ἔωσι
1461 1537 1593 1613 πρὶν
1632 1536 1668 1613 ἦ
1708 1538 1807 1597 τόν

206 1623 421 1699 πατέρα
449 1624 642 1697 σφέων
666 1626 1035 1737 βασιλεῦσαι·
1080 1650 1111 1683 ο
1139 1624 1198 1682 δὲ
1222 1623 1591 1699 βασιλευοντι
1616 1625 1808 1705 οψίγο-

206 1735 297 1773 νος
346 1711 682 1791 ἐπιγένηται,
729 1716 829 1772 του
874 1711 1261 1793 ἐπιγενομένου
1302 1712 1404 1787 τὴν
1454 1710 1657 1780 ἔκδεξιν
1708 1716 1808 1784 τῆς

204 1795 521 1874 βασιληίης
545 1801 820 1880 γίνεσθαι.
878 1800 1240 1880 χρησαμένου
1268 1799 1327 1857 δὲ
1352 1798 1568 1874 Ξέρξεω
1593 1802 1664 1876 τῇ
1686 1802 1806 1874 ’Δη-

204 1885 457 1962 μαρήτου
493 1885 764 1965 ὑποθήκῃ,
791 1889 957 1969 γνούς
990 1887 1021 1945 ὁ
1060 1890 1296 1961 Δαρεῖος
1323 1884 1393 1947 ὥς
1418 1887 1578 1966 λέγοι
1603 1884 1802 1957 δίκαια,

204 1974 463 2047 βασιλέα
486 1974 850 2053 μιν“ἅπέδεξε.
923 1976 1099 2034 δοκέει
1126 1973 1187 2033 δέ
1210 1974 1308 2051 μοι
1336 1973 1426 2032 καὶ
1453 1972 1582 2033 ’ἄνευ
1606 1969 1807 2049 ταύτης

202 2065 302 2136 τῆς
327 2061 617 2139 ὖποθήκης
633 2066 985 2139 βασιλεῦσαι
1010 2061 1077 2122 ἂν
1102 2061 1330 2138 Ξέρξης’
1358 2061 1396 2137 ἦ
1419 2060 1530 2142 γὰρ
1540 2059 1806 2121 Ἀτοσσα

205 2148 321 2229 εἶχε
345 2150 415 2211 τὸ
436 2156 549 2211 πᾶν
576 2152 790 2229 κράτος.
1491 2166 1497 2172 ’
1541 2158 1554 2167 ’

281 2231 592 2308 Ἀποδέξας
629 2240 687 2298 δὲ
721 2240 974 2315 βασιλέα
1011 2240 1278 2319 Πέρσῃσι
1316 2243 1551 2317 Δαρεῖος
1582 2241 1807 2317 Ξέρξεα,
1834 2242 1873 2299 4

203 2326 420 2409 ὅρμητο
453 2328 881 2405 στρατεύεσθαι·
925 2327 1079 2386 ἀλλὰ
1114 2353 1223 2438 γαρ
1256 2327 1399 2404 μετ-οὶ
1424 2328 1600 2386 ταῦτά
1625 2354 1686 2386 τε
1716 2330 1806 2386 καὶ

200 2415 494 2494 Αἰγύπτου
523 2414 845 2475 οἷπόστασιν
883 2418 960 2493 τῷ
999 2414 1212 2494 ὑστέρῳ
1241 2416 1348 2474 ἔτεῖ
1384 2413 1801 2492 παρασκευαζό-

198 2527 370 2577 μενον
415 2503 699 2577 συνήνεικε
745 2502 913 2562 αυτὸν
963 2506 1200 2579 Δαρεῖον
1253 2502 1680 2577 βασιλεύσαντα
1733 2504 1805 2563 τοὶ

198 2588 385 2648 πάντα
423 2591 547 2649 ἔτεα
585 2591 645 2659 ἔξ
676 2615 740 2649 τε
776 2591 868 2669 καὶ
893 2590 1206 2668 τριήκοντα,
1240 2589 1554 2660 ἀποθανεῖν,
1588 2583 1717 2650 οὐδέ
1751 2594 1803 2649 οἱ

201 2676 483 2757 ἐξεγένετο
535 2677 661 2738 οὔτε
713 2679 842 2743 τούς
889 2678 1243 2739 ἀπεστεῶτας
1290 2678 1624 2759 Αἰγυπτίους
1679 2677 1804 2738 οὔτε

197 2761 532 2841 Αθηναίους
566 2768 1015 2843 τιμωρήσασθαι·
1059 2765 1435 2829 ἀποθανόντος
1462 2766 1520 2825 δε
1547 2767 1802 2842 Δαρείου,

197 2854 576 2928 ηβασιληιη
631 2853 950 2933 ἀνεχώρησε
993 2858 1047 2916 ἐς
1087 2880 1188 2913 τον
1235 2853 1427 2912 παῖδα
1450 2879 1552 2913 τον
1599 2854 1803 2964 ἐκείνου

198 2941 430 3016 Ξέρξεα.

277 3028 347 3087 O
389 3019 576 3088 τοίνυν
616 3030 883 3135 Ξέρξης’
859 3030 949 3086 επὶ
985 3031 1089 3105 μὲν
1122 3029 1226 3105 τὴν
1260 3029 1513 3088 Ἑλλάδα
1554 3022 1807 3095 ουδαμως
1831 3026 1870 3080 5

193 3115 550 3193 πρόθυμος
514 3142 584 3191 ην
612 3115 728 3175 κατ’
758 3117 932 3195 οἷρχοὶς
959 3117 1430 3192 στρατευεσθαι,’
1405 3115 1495 3171 επὶ
1517 3112 1574 3167 δὲ
1594 3108 1800 3185 Αἴγυπ-

196 3225 294 3261 τον
328 3203 578 3264 ἐποιέετο
615 3212 882 3282 στρατιῆς
912 3230 1164 3284 αγερσιν·
1192 3226 1410 3279 παρεων
1436 3200 1495 3256 δε
1523 3195 1614 3254 καὶ
1646 3192 1799 3252 δυνά-

1951 3287 2061 3375 Δ
