2100 3409
223 28 447 95 ιιι-32]
833 32 1244 84 mrmxopn.
1772 38 1832 85 13

221 109 368 174 νέας·
407 111 613 170 τοῦτον
648 107 723 171 ὦν
756 109 928 171 δοκέω
961 110 1063 171 τᾶν
1097 110 1273 189 ἄνδρα
1312 110 1573 189 ποιήσειν
1609 116 1722 173 τῶν
1760 111 1831 174 ἂν

218 196 588 279 χρηΐζωμεν.”
613 202 790 259 ταῦτα
809 197 1151 263 α’κούσαντες
1170 203 1223 260 οῖ
1244 199 1451 271 Νάξιοι
1469 202 1830 279 προσέθεσαν

218 291 297 366 τῷ
336 284 724 366 Ἀρισταγόρῃ
769 288 1054 365 πρήσσειν
1099 285 1137 366 ᾖ
1186 287 1407 349 δύναιτο
1453 286 1680 367 ἄριστα·
1735 290 1829 349 καὶ

218 372 578 454 ὑπίσχεσθαι
604 375 753 453 δῶρα
781 376 1038 437 ἐκέλευον
1072 378 1165 436 καὶ
1196 376 1446 454 δαπάνην
1470 381 1543 457 τῇ
1570 382 1826 456 στρατιῇ,

219 461 293 526 ὥς
319 462 478 523 αὐτοὶ
506 462 884 527 διαλύσοντες·
927 464 1157 529 ἐλπίδας
1182 464 1405 529 πολλάς
1430 466 1663 545 ἔχοντες,
1694 463 1828 526 ὅταν

217 551 569 626 ἐπιφανέωσι
596 555 651 615 ε’ς
675 551 779 627 τὴν
805 551 1000 622 Νάξον
1025 551 1210 613 πάντα
1236 552 1493 629 ποιήσειν
1518 552 1648 617 τούς
1673 553 1825 623 Ναξ-

216 637 337 702 ίους
368 638 442 700 ταῖ
477 637 549 699 ἂν
586 635 744 702 αὐτοὶ
783 639 1070 710 κελεύωσι,
1109 639 1179 704 ὣς
1218 641 1279 701 δὲ
1319 641 1412 699 καὶ
1445 641 1575 708 τούς
1614 640 1827 706 ἄλλους

214 725 516 801 νησιώτας·
561 730 672 787 τῶν
709 753 820 807 γαρ
861 728 1047 804 νήσων
1085 728 1322 789 τουτέων
1360 731 1471 789 τῶν
1513 729 1824 790 Κυκλάδων

212 812 451 890 ουδεμία
476 840 554 874 κω
579 814 650 891 ἦν
674 814 784 875 υπὸ
812 817 1048 895 Δαρείῳ.

297 900 669 978 Ἀπικόμενος
687 902 798 962 δὲε
765 931 797 963 ο
817 902 1272 985 Ἀρισταγόρης’
1246 930 1302 967 ες
1319 904 1421 969 τοὶς
1446 904 1648 982 Σάρδις
1666 907 1821 987 λέγει
1839 909 1910 966 31

211 989 357 1098 πρὸς
385 989 490 1051 τδν
513 990 912 1069 Ἀρταφέρνεα,
940 992 1012 1054 ὥς
1052 991 1241 1062 Νάξος
1272 993 1357 1068 εἴη
1383 996 1555 1068 νῆσος
1584 994 1821 1073 μεγάθει

210 1079 320 1152 μὲν
354 1077 422 1138 οὗ
461 1078 707 1160 μεγάλη,
746 1078 933 1141 ἄλλως
976 1079 1035 1138 δὲ
1077 1078 1229 1155 καλή
1266 1105 1329 1139 τε
1370 1080 1464 1142 καὶ
1498 1078 1684 1161 α’,γαθῆ
1727 1082 1819 1140 καὶ

211 1163 402 1246 ἀγχοῦ
427 1165 654 1243 Ἰωνίης,
671 1165 935 1245 χρήματα
953 1167 1063 1225 δὲ’
1033 1192 1112 1225 ενι
1130 1168 1341 1239 πολλοὶ,
1367 1194 1459 1225 και
1437 1166 1813 1245 ἀνδράποδα.

235 1253 347 1314 *σύ
376 1252 453 1315 ὦν
480 1254 573 1314 ε’πὶ
596 1252 802 1330 ταύτην
818 1252 921 1328 τήν
944 1279 1134 1332 χωρην
1153 1252 1535 1331 στρατηλάτεε
1563 1255 1818 1335 κατάγων

214 1346 273 1405 ἐς
317 1341 494 1418 αὐτὴν
539 1342 668 1405 τούς
713 1339 967 1422 φυγάδας
1015 1341 1079 1411 ἐξ
1123 1340 1311 1418 αὐτῆς·
1366 1343 1461 1403 καὶ
1504 1344 1595 1404 τοὶ
1639 1348 1816 1405 ταῦτα

210 1428 522 1507 ποιήσαντι
544 1433 711 1490 τοῦτο
740 1430 847 1506 μέν
870 1433 993 1489 ε’στι
1018 1432 1217 1507 ἑτοῖμα
1246 1430 1376 1509 παρ’
1404 1432 1529 1510 ἐμοὶ
1552 1431 1818 1512 χρήματα

207 1516 444 1599 μεγάλα
505 1515 685 1593 πάρεξ
739 1520 853 1577 τῶν
909 1514 1375 1596 ἀναισιμωμάτων
1426 1523 1500 1598 τῆ
1557 1525 1815 1599 στρατιῇ·

211 1603 414 1684 (ταῦτα
438 1606 546 1681 μὲν
562 1603 672 1685 γὰρ
693 1604 876 1664 δίκαια
901 1603 1077 1681 ἡμέας
1096 1604 1225 1672 τούς
1250 1604 1485 1688 ἄγοντας
1503 1608 1815 1688 παρέχειν)

209 1695 382 1753 τοῦτο
396 1692 457 1752 δὲ
470 1691 676 1769 νήσους
690 1692 1079 1769 προσκτήσεαι
1094 1694 1337 1770 βασιλέϊ
1355 1693 1527 1771 αὐτήν
1539 1721 1603 1754 τε
1620 1695 1815 1764 Νάξον

210 1780 308 1840 καὶ
331 1779 437 1844 τὰς
463 1784 524 1839 ἐκ
552 1778 753 1856 ταύτης
778 1780 1107 1857 ἠρτημένας,
1135 1782 1334 1858 Πάρον
1357 1807 1420 1842 τε
1453 1781 1547 1841 καὶ
1571 1779 1814 1859 Ἀνδρον

210 1894 304 1927 και
347 1867 550 1938 ἄλλας,
582 1867 683 1931 τοὶς
723 1868 1022 1932 Κυκλάδας
1064 1869 1424 1944 καλευμένας·
1464 1870 1716 1929 ἐνθεῦτεν
1753 1870 1813 1929 δὲ

208 1955 580 2034 ὁρμεωμενος,
598 1955 859 2019 εὐπετέως
876 1956 1186 2031 ἐπιθήσεαι
1209 1954 1450 2035 Ευβοίῃ,
1471 1954 1624 2036 νήσω
1641 1956 1812 2038 μεγά-

204 2048 286 2123 λῃ
305 2070 370 2106 τε
398 2044 494 2103 καὶ
518 2041 813 2121 ευδαίμονι,
833 2043 933 2103 οὐκ
955 2043 1231 2104 ελάσσονι
1258 2043 1494 2156 Κύπρου
1522 2045 1615 2104 καὶ
1636 2043 1813 2123 κάρτα

209 2132 433 2192 εὐπετέιΙ
454 2132 760 2209 αιρεθῆναι.
826 2131 1124 2211 ἀποχρῶσι
1155 2132 1272 2191 δὲ’
1249 2131 1446 2193 εκατὸν
1472 2133 1586 2198 νέες
1609 2133 1814 2200 ταύτας

124 2241 133 2246 ·
206 2220 403 2284 πάσας
435 2218 874 2299 χειρώσασθαι.”
941 2220 973 2280 ὁ
1010 2219 1071 2278 δὲ
1102 2218 1374 2297 ἀμείβετο
1407 2219 1574 2282 αὗτὸν
1598 2223 1810 2282 τοῖσδε·

206 2320 242 2342 “
256 2306 337 2368 σύ
365 2312 423 2372 ἐς
449 2306 603 2368 οἶκον
625 2307 725 2368 τόν
746 2309 1027 2384 βασιλέος
1054 2308 1326 2389 ἐξηγητής
1349 2310 1530 2391 γίνεαι
1553 2310 1812 2392 πρηγμά-

201 2421 318 2455 των
355 2394 601 2476 άγαθῶν,
630 2396 727 2456 καὶ
764 2400 940 2456 ταῦτα
981 2395 1039 2455 εὖ
1080 2397 1394 2473 παραινέεις
1431 2397 1617 2458 πάντα
1655 2397 1813 2475 πλὴν

202 2487 318 2544 τῶν
335 2488 474 2548 νεῶν
492 2487 594 2544 τοῦ
612 2482 879 2561 ἀριθμοῦ·
910 2482 1034 2543 «ivri
1062 2483 1122 2542 δὲ
1141 2482 1336 2544 ἑκατόν
1356 2489 1510 2554 νεῶν,
1531 2485 1818 2562 διηκόσιαί

201 2597 296 2633 τοι
335 2575 550 2649 ἑτοῖμοι
589 2572 817 2631 ἔσονται
851 2569 970 2648 ἅμα
1008 2574 1085 2649 τῷ
1124 2572 1261 2649 ἔαρι.
1343 2572 1430 2632 δεῖ
1467 2572 1527 2631 δὲ
1561 2572 1814 2634 τούτοισι

203 2661 302 2720 καὶ
336 2659 511 2721 αὐτὸν
546 2660 804 2737 βασιλέα
838 2661 1172 2732 συνέπαινον
1209 2659 1519 2741 γίνεσθαι.”
1597 2660 1666 2721 ‘0
1705 2664 1810 2739 μὲν
1828 2664 1904 2721 32

204 2749 275 2824 δὴ
317 2746 730 2829 Ἀρισταγόρης
770 2746 842 2812 ὥς
879 2750 1057 2808 ταῦτα
1095 2745 1304 2824 ἤκουσε
1343 2747 1652 2832 περιχαρής
1692 2750 1811 2821 ἐών,

203 2836 375 2913 άπήῖε
400 2842 456 2901 ἒς
482 2837 766 2946 Μίλητον·
799 2834 831 2896 ὅ
858 2835 918 2895 δὲ
941 2834 1343 2914 ἶΑρταφέρνης,
1366 2835 1437 2899 ὦς
1458 2839 1511 2896 οἱ
1528 2836 1815 2914 πέμψαντι

205 2929 263 2988 ἐς
309 2926 509 2991 Σοῦσα
553 2923 648 2983 καὶ
693 2922 984 3001 ὑπερθέντι
1027 2923 1103 2983 τοὶ
1150 2927 1211 2982 ἐκ
1256 2927 1358 2983 τοῦ
1400 2922 1815 3001 Ἀρισταγόρεω

203 3011 488 3093 λεγόμενα
534 3010 868 3074 συνέπαινος
921 3010 1015 3069 καὶ
1068 3009 1235 3073 αυτὸς
1289 3013 1524 3085 Δαρεῖος
1577 3008 1812 3085 ἐγένετο,

204 3099 677 3180 παρεσκευάσατο
715 3123 819 3175 μεν
859 3099 1148 3174 διηκοσίας
1186 3096 1458 3173 τριήρεας,
1491 3088 1714 3160 πολλὰν
1752 3088 1815 3145 δὲ

205 3216 383 3317 *pra
409 3187 615 3264 ὅμιλον
637 3188 905 3263 Περσέων
930 3213 991 3247 τε
1018 3212 1111 3245 και
1135 3187 1246 3243 τῶν
1271 3181 1462 3244 αλλων
1480 3171 1810 3249 συμμάχων

361 3279 389 3321 ‘2
