2100 3409
168 32 411 99 ..η-ω]
814 11 1183 80 noA'rMN'IA.
1698 37 1792 85 143

174 120 287 190 τῆς
336 99 641 187 θαλὶἔσσης
687 112 810 170 ἐστὶ
858 111 1033 188 λιμὴν
1077 115 1350 176 τοο-οὕτος
1394 111 1680 191 σῦὃαμόθι,
1723 115 1795 179 ὦς

177 202 295 282 ἐγώ
346 200 555 272 εἰκάζω,
594 198 759 262 ὅστις
796 201 1150 280 ἐγειρομένου
1188 204 1459 279 χειμῶνος
1503 202 1793 280 δεξάμενός

174 315 286 348 σευ
330 294 499 348 τοῦτο
540 315 608 348 το
652 287 923 359 ναυτικόν,
959 289 1267 370 φερέγγυος
1309 290 1468 349 ἔσται
1512 289 1791 351 διασῶσαι

173 378 280 441 τὰς
326 377 471 440 νέας·
517 376 616 435 καί
651 399 741 435 τοι
778 374 900 434 οὐκὶ
936 377 1032 436 ἕνα
1065 375 1237 436 αὐτόν
1269 376 1354 436 δεῖ
1393 376 1532 436 εἶναι
1570 379 1672 437 τὸν
1705 382 1790 437 λι-

174 467 340 540 μένα,
387 463 545 524 ἀλλὰ
585 463 738 542 παρσῖ
782 468 978 523 πᾶσαν
1012 465 1116 540 τὴν
1151 464 1396 542 ἤπειρον,
1434 464 1564 543 παρ’
1603 465 1693 541 ἢν.
1717 466 1786 543 δὴ

174 555 424 630 κομίεαι·
468 579 567 612 ουκ
612 550 686 611 ὦν
723 551 790 627 δή
829 551 1026 611 ἐόντων
1066 578 1154 611 τοι
1195 553 1434 630 λιμένων
1474 552 1789 625 υποδεξίων,

170 640 398 717 μᾶθε”’
366 668 456 701 οτι
497 644 555 700 αἶ
587 640 884 718 συμφοραὶ
919 644 1030 699 τῶν
1072 640 1449 739 ἀνθρώπων*
1412 666 1653 720 αρχουσι
1694 643 1786 702 καὶ

174 728 300 788 οὗκὶ
347 728 638 805 ὥνθρωποι
663 731 773 788 τῶν
795 729 1157 839 συμφορέων·
1199 729 1294 787 καὶ
1319 717 1389 798 δὴ
1415 733 1523 788 τῶν
1564 729 1662 789 δύο
1701 756 1788 790 τοι

170 821 277 876 τοῦ
326 816 518 892 ἐτέρου
562 816 864 893 εἰρημένου,
894 816 958 874 τὸ
1002 815 1188 893 ἔτερον
1231 818 1463 895 ἔρχομαι
1487 817 1671 895 ἐρέων·
1712 823 1789 899 γῆ

172 904 243 980 δή
270 904 527 981 πολεμίη
553 904 689 981 τῇδέ
712 929 801 962 τοι
828 904 1175 963 κατίσταται·
1221 908 1267 963 εἰ
1294 904 1481 964 ἐθέλοι
1505 931 1595 964 τοι
1613 906 1788 983 μηδὲν

167 991 438 1062 ἀντίξοον
480 995 840 1066 καταστῆναι,
869 992 1121 1071 τοσούτῳ
1148 1017 1238 1051 τοι
1262 992 1473 1073 γίνεται
1512 998 1787 1071 πολεμιω-

165 1082 311 1156 τέρη
349 1079 471 1159 ὅσῳ
514 1078 582 1139 ἂν
625 1080 935 1157 προβαίνῃς
982 1080 1276 1156 ἑκαστέρω,
1321 1080 1390 1139 τὰ
1434 1080 1630 1157 πρόσω
1678 1083 1788 1140 αἰεὶ

168 1168 573 1244 κλεπτόμενος.
637 1167 932 1243 εὐπρηξίης
977 1166 1090 1247 γὰρ
1144 1166 1243 1225 οὐκ
1287 1167 1412 1226 ἔστι
1454 1166 1803 1244 ἀνθρώποισι

167 1255 412 1332 οὐδεμία
454 1255 744 1332 πληθώρη.
829 1256 920 1314 καὶ
947 1254 1017 1330 δή
1043 1281 1148 1326 τοι,
1176 1253 1249 1317 ὥς
1276 1253 1497 1318 οὖδενός
1524 1260 1786 1316 ἐναντιευ·
1815 1303 1822 1310 .

165 1345 363 1419 μένου,
414 1344 568 1424 λέγω
614 1342 718 1419 τὴν
765 1342 951 1422 χώρην
996 1347 1214 1402 πλεῦνα
1263 1348 1320 1403 ἐν
1362 1347 1561 1403 πλεΰνι
1604 1343 1787 1425 χρόνῳ

166 1431 476 1511 γινομένην
524 1430 696 1507 λιμον
739 1431 1020 1500 τέξεσθαι.
1104 1430 1243 1508 ανὴρ
1291 1432 1350 1491 δὲ
1396 1431 1537 1492 οὕτω
1582 1431 1652 1492 ἂν
1699 1459 1785 1512 ειη

167 1517 423 1596 ἄριστος,
463 1523 513 1578 εἰ
547 1518 959 1626 βουλευόμενος
993 1522 1097 1595 μὲν
1139 1518 1416 1595 οἷρρωδεοι,
1450 1524 1565 1579 πᾶν
1603 1525 1783 1580 ἐπιλε-

166 1606 415 1687 γόμενος
457 1607 758 1666 πείσεσθαι
799 1611 1008 1685 χρῆμα,
1052 1612 1112 1667 ἐν
1161 1607 1219 1665 δὲ
1257 1611 1336 1686 τῷ
1383 1610 1521 1688 ἔργῳ
1566 1608 1778 1683 θρασυς

169 1693 312 1769 εἶη.”
392 1693 727 1771 Ἀμείβεται
770 1694 980 1770 Ξέρξης
1020 1694 1232 1753 τοῖσδε·
1283 1705 1319 1730 “
1333 1694 1667 1771 Ἀρτάβανε,
1709 1700 1782 1754 οἷ·
1799 1699 1879 1756 50

170 1781 351 1845 κότως
374 1785 480 1859 μὲν
507 1781 582 1841 σύ
604 1808 672 1863 γε
696 1781 908 1843 τούτων,
929 1784 1145 1846 ἕκαστα
1177 1782 1428 1857 διαιρέαι·
1472 1781 1610 1856 ἀτὰρ
1641 1782 1784 1858 μήτε

168 1869 360 1929 πάντα
389 1871 593 1945 φοβέο,
626 1869 767 1946 μήτε
802 1874 918 1929 πᾶν
955 1868 1159 1945 ὁμοίως
1184 1870 1461 1949 ἐπιλέγεο·
1507 1873 1553 1927 εἰ
1576 1868 1687 1949 γοῖρ
1714 1870 1782 1947 δὴ

167 1957 420 2032 βούλοιο
459 1959 550 2015 ἐπὶ
574 1962 652 2036 τῷ
679 1958 783 2016 αἰεὶ
812 1957 1241 2037 ἐπεσφερομένῳ
1267 1957 1555 2036 πρήγματι
1578 1955 1644 2015 τό
1669 1961 1783 2017 πᾶν

171 2045 380 2118 ὁμοίως
426 2046 802 2125 ἐπιλέγεσθαι,
862 2071 1156 2120 ποιησειας
1208 2071 1276 2104 αν
1330 2044 1547 2121 οὖδαμα
1603 2043 1778 2104 οὐδέν·

172 2134 426 2209 κρέσσον
481 2133 540 2191 δὲ
592 2133 776 2192 πάντα
829 2133 1142 2209 θαρσέοντα
1193 2132 1374 2210 ἥμισυ
1426 2136 1536 2193 τῶν
1594 2132 1783 2194 δεινῶν

98 2286 105 2292 ,
171 2219 421 2300 πάσχειν
455 2225 699 2298 μᾶλλον,
728 2219 764 2296 ἢ
791 2224 905 2281 πᾶν
931 2225 1126 2299 χρῆμα
1164 2221 1628 2299 προδειμαίνοντα
1668 2247 1774 2299 μη-

174 2307 325 2385 δαμα
363 2309 539 2384 μηδὲν
575 2309 792 2368 παθεῖν·
836 2312 884 2367 εἰ
910 2308 969 2367 δὲ
997 2309 1187 2385 ἐρίζων
1216 2335 1356 2387 προς
1382 2314 1496 2368 πᾶν
1520 2336 1587 2369 το
1615 2310 1779 2391 λεγό-

173 2420 361 2472 μενον,
389 2422 470 2473 μη
504 2422 571 2455 το
597 2397 844 2473 βέβαιον
886 2395 1187 2465 ἀποδέξεις,
1217 2395 1591 2471 σφάλλεσθαι
1628 2396 1779 2473 ὀφεί-

174 2485 292 2546 λεις
339 2488 401 2543 ἐν
446 2482 668 2543 αὖτοῖσι
716 2483 918 2560 ομοίως
964 2484 1056 2542 καὶ
1103 2510 1134 2542 ο
1183 2482 1479 2543 ὑπεναντία
1524 2484 1777 2543 τούτοισι

173 2570 360 2640 λέξας.
443 2575 609 2632 τοῦτο
646 2572 750 2649 μέν
792 2598 887 2631 νυν
929 2572 1129 2645 ἐπίσης
1171 2571 1301 2648 ἔχει·
1348 2571 1546 2631 εἰδέναι
1586 2571 1722 2630 δὲ
1687 2598 1778 2632 αν-

176 2658 400 2735 θρωπον
436 2657 597 2718 ἐόντα
639 2664 743 2722 κῶς
781 2659 893 2736 χρὴ
933 2658 999 2719 vd
1035 2660 1317 2735 βέβαιον;
1365 2658 1533 2717 δοκέω
1558 2661 1662 2736 μὲν
1689 2659 1779 2718 οὖ·

174 2745 378 2823 δαμῶς.
461 2750 615 2806 τοῖσι
655 2747 841 2806 τοίνυν
881 2747 1291 2824 βουλομένοισι
1332 2747 1554 2816 ποιέειν,
1598 2745 1671 2809 ὥς
1710 2744 1778 2805 τι)

174 2834 379 2893 ἐπίπαν
406 2836 594 2909 φιλέει
619 2834 876 2915 γίνεσθαι
901 2833 972 2894 τοὶ
1000 2835 1212 2911 κέρδεα·
1254 2838 1407 2894 τοῖσι
1434 2835 1493 2894 δὲ
1519 2839 1773 2914 ἐπιλεγο-

173 2921 400 2997 μένοισί
416 2946 482 2980 τε
507 2921 691 2981 πάντα
718 2922 808 2980 καὶ
836 2922 1074 2996 ὁκνεῦσι,
1106 2949 1170 2981 ου
1198 2922 1357 2998 μάλα
1385 2921 1583 2981 ἐθέλει.
1644 2920 1779 2996 ὁρᾷς

174 3036 242 3068 τα
266 3009 538 3086 Περσέων
579 3009 881 3089 πρήγματα
923 3014 977 3072 ἐς
1005 3037 1035 3068 o
1065 3009 1324 3086 δυνάμιος
1360 3006 1772 3085 προκεχώρηκε·

177 3124 220 3156 ει
262 3100 453 3156 τοίνυν
497 3101 692 3157 ἐκεῖνοι
740 3123 792 3156 οι
834 3123 944 3173 προ
989 3101 1118 3174 ἐμεῦ
1165 3097 1452 3176 γενόμενοι
1500 3090 1773 3165 βασιλέες

176 3184 434 3268 γνώμῃσι
471 3186 728 3263 ἐχρέοντο
764 3184 996 3263 ομοίῂσι
1035 3184 1128 3242 καὶ
1164 3209 1257 3252 συ,
1285 3180 1321 3257 ἢ
1361 3204 1442 3256 μη
1482 3174 1775 3253 xp⁶<5lh⁶V0⁸
