2100 3409
163 35 452 101 124--1293
795 34 1168 88 ΠΟΛΤΜΝΙΑ.
1670 39 1767 89 169

159 117 747 200 στρατοπεδευόμενος
776 116 881 192 τήν
913 117 1069 195 παρὰ
1096 117 1402 179 θάλασσαν
1425 117 1611 197 χώρην
1634 145 1768 179 τοσ-

158 206 314 281 ήνδε·
357 203 664 281 ἀρξάμενος
706 203 818 264 ‹in-<3
862 205 1084 282 Θέρμης
1122 204 1322 269 πόλιος
1348 206 1440 264 καὶ
1473 210 1574 283 τῆς
1608 212 1765 286 Μυγ-

160 294 367 370 δονίης,
401 293 571 371 μέχρι
610 292 824 351 Λυδίεώ
857 319 919 351 τε
952 297 1209 369 ποταμοῦ
1249 294 1341 352 καὶ
1380 292 1767 370 Ἀλιάκμονος,

161 381 218 441 οἳ
245 381 530 457 οὐρίζουσι
555 383 665 461 γῆν
699 378 803 455 τήν
839 381 1159 441 Βοττιαιίδα
1192 407 1254 441 τε
1290 381 1382 439 καὶ
1418 380 1767 441 Μακεδονίδα

162 474 222 532 ἐς
247 467 426 528 τώυτὸ
451 468 679 545 ῥέεθρον
703 465 772 527 τὸ
799 466 941 545 ὕδωρ
968 470 1406 549 συμμίσγοντες·
1436 473 1768 546 ἐστρατοπε·

160 555 392 617 δεύοντο
422 557 530 631 μὲν
565 554 632 630 δή
668 559 727 615 ἐν
764 554 1014 616 τούτοισι
1048 559 1203 615 τοῖσι
1237 557 1495 635 χωρίοισι
1532 560 1588 616 οῖ
1621 556 1765 634 βάρ-

161 645 357 721 βαροι.
441 646 554 701 τῶν
581 642 641 701 δὲ
673 639 1128 722 καταλεχθέντων
1154 644 1360 704 τούτων
1390 648 1672 720 ποταμῶν,
1704 650 1765 703 ἐκ

162 729 574 807 Κρηστωναίης
599 731 735 807 ῥέων
758 730 1086 810 Ἐχείδωρος
1109 735 1312 806 μοῦνος
1332 731 1429 791 οῦκ
1456 729 1766 811 ἀντέχρησε

159 822 235 896 τῇ
277 821 520 897 στρατιῇ
559 817 866 894 πινόμενος,
908 817 1038 877 ἀλλ’
1088 819 1331 879 ἐπέλιπε.
1417 819 1629 896 Ξέρξης
1668 820 1727 878 δὲ
1745 821 1859 880 128

161 905 335 982 ὁρέων
367 910 428 965 ἐκ
459 909 561 981 τῆς
601 905 821 981 Θέρμης
861 904 1025 982 οὔρεα
1063 905 1135 965 τοῖ
1175 906 1526 976 Θεσσαλικᾶ,
1566 906 1664 967 τόν
1701 932 1763 966 τε

151 986 460 1069 Ὄλυμπον
502 992 593 1051 καὶ
635 991 740 1069 τήν
771 992 1021 1062 Ὄσσαν,
1064 992 1301 1073 μεγάθεΐ
1343 1019 1405 1053 τε
1446 993 1766 1070 ὑπερμήκεα

165 1080 343 1149 ἐόντα,
373 1079 465 1140 διὰ
488 1079 670 1156 μέσου
693 1105 755 1139 τε
782 1078 959 1139 αὐτῶν
987 1078 1210 1140 αὐλῶνα
1243 1080 1465 1141 στεινὸν
1495 1080 1762 1143 πυνθανό-

159 1194 327 1245 μενος
354 1168 495 1228 εἶναι
535 1166 603 1226 δι’
644 1164 710 1227 οὗ
747 1168 861 1244 ῥέει
903 1167 935 1228 ὁ
978 1167 1231 1243 Πηνειὸς,
1275 1168 1487 1229 ἀκούων
1525 1194 1586 1228 τε
1627 1170 1765 1228 εἶναι

159 1256 336 1335 ταύτῃ
364 1253 497 1316 ὁδὸν
522 1260 578 1318 ἐς
604 1259 932 1331 Θεσσαλίην
953 1256 1256 1332 φέρουσαν,
1278 1254 1596 1332 ἐπεθύμησε
1614 1255 1763 1314 πλώ-

160 1370 268 1408 σας
304 1343 628 1419 θεήσασθαι
659 1341 765 1418 τήν
805 1343 1056 1419 ἐκβολήν
1091 1343 1191 1400 τοῦ
1236 1347 1505 1418 Πηνειοῦ·
1546 1341 1633 1403 ὅτι
1658 1342 1764 1420 τήν

161 1429 272 1490 ἅνω
299 1431 433 1492 ὁδὸν
459 1433 662 1507 ἔμελλε
690 1434 825 1491 ἐλᾶν
844 1430 935 1489 διοῖ
956 1431 1294 1493 Μακεδόνων
1318 1435 1429 1493 τῶν
1457 1430 1764 1509 κατύπερθε

160 1521 481 1594 οἰκημένων,
502 1524 556 1581 ἐς
577 1517 937 1595 Περραιβοῦς
961 1518 1115 1595 παρὰ
1143 1519 1350 1581 Γόννον
1376 1520 1563 1581 πόλιν·
1587 1519 1762 1597 ταύτῃ

157 1603 269 1686 γσῖρ
306 1605 753 1679 ἀσφαλέστατον
790 1604 1122 1666 ἐπυνθάνετο
1163 1606 1325 1665 εἶναι’
1385 1607 1455 1669 ὥς
1482 1608 1539 1666 δὲ
1572 1607 1763 1665 ἐπεθύ-

156 1718 329 1771 μησε,
362 1692 455 1751 καὶ
482 1692 662 1752 ἐποίεε
694 1696 898 1752 ταῦτα·
942 1691 1125 1769 ἐσβὰς
1166 1698 1221 1755 ἐς
1261 1693 1526 1770 Σιδωνίην
1565 1692 1680 1761 νέα,
1710 1698 1764 1756 ἐς

155 1781 370 1856 τήνπερ
396 1780 657 1856 ἐσέβαινε
682 1780 788 1839 αἰεὶ
813 1779 952 1844 ὅκως
976 1805 1033 1838 τι
1060 1780 1247 1839 ἐθέλοι
1270 1784 1492 1840 τοιοῦτο
1509 1783 1763 1854 ποιῆσαι,

157 1867 383 1937 ἀνέδεξε
408 1866 651 1943 σημήϊον
678 1868 770 1925 καὶ
793 1871 948 1926 τοῖσι
977 1864 1216 1926 ἄλλοισι
1246 1866 1570 1947 ἀνάγεσθαι,
1599 1892 1763 1926 κατα·

155 1955 343 2015 λιπὼν
371 1954 541 2015 αὐτοῦ
566 1953 666 2015 τᾶν
690 1954 859 2026 πεζὸν
884 1952 1154 2033 στρατόν·
1183 1954 1304 2013 ἐπεὶ
1329 1954 1388 2013 δὲ
1414 1953 1643 2013 ἀπίκετο
1671 1954 1764 2013 καὶ

157 2043 438 2118 ἐθεήσατο
460 2043 669 2119 Ξέρξης
686 2042 789 2118 τῆν
810 2041 1064 2119 ἐκβολήν
1082 2046 1183 2105 τοῦ
1201 2046 1459 2116 Πηνειοῦ,
1477 2046 1534 2101 ἐν
1550 2039 1764 2118 θώματι

153 2130 393 2212 μεγάλῳ
421 2130 700 2208 ἐνέσχετο·
730 2130 978 2193 καλέσας
1002 2131 1062 2189 δὲ
1090 2128 1221 2192 τοῦς
1257 2128 1635 2211 κατηγεμόνας
1664 2133 1765 2205 Τἣς

154 2217 310 2288 ὁδοῦ,
335 2218 513 2293 εἴρετο
535 2221 581 2275 εἰ
606 2216 706 2277 τᾶν
724 2216 979 2295 ποταμόν
999 2221 1123 2278 ἐστι
1148 2218 1580 2295 παρατρέψαντα
1608 2218 1765 2297 ἑτέρῃ

156 2310 217 2369 ἐς
244 2304 556 2366 θάλασσαν
585 2305 901 2386 ἐξαγαγεῖν,
945 2304 1086 2385 (Τὴν
1112 2305 1170 2364 δὲ
1198 2306 1527 2381 Θεσσαλίην
1552 2304 1725 2386 λόγος
1746 2306 1856 2364 129

154 2394 286 2453 ἐστὶ
320 2391 389 2452 τὸ
424 2391 670 2452 παλαιὰν
711 2392 851 2452 εἶναι
890 2394 1112 2469 λίμνην,
1141 2391 1286 2451 ὥστε
1323 2418 1390 2472 γε
1432 2396 1763 2473 συγκεκληῖ-

153 2481 379 2558 σμένην
419 2478 694 2540 πάντοθεν
735 2479 1083 2557 ὑπερμήκεσι
1130 2478 1348 2551 οἶρεσι·
1401 2479 1474 2540 rai
1511 2482 1615 2555 μὲν
1652 2479 1762 2560 γὰρ

152 2568 332 2643 αὐτῆς
358 2567 499 2645 πρὸς
521 2567 629 2644 τήν
653 2567 736 2644 ἦῶ
764 2570 962 2647 ἔχοντα
986 2567 1054 2627 τό
1079 2592 1140 2627 τε
1166 2565 1391 2641 Πήλιον
1412 2563 1579 2644 οὖρος
1606 2568 1698 2625 καὶ
1725 2565 1765 2643 ἦ

141 2654 357 2716 Ὄσσα
391 2654 669 2734 ἀποκλῄει
705 2655 1105 2735 συμμίσγοντα
1137 2652 1239 2717 vde
1276 2654 1547 2732 ὑπωρείας
1586 2652 1767 2729 α’λλή-

150 2747 338 2812 λοισι,
363 2742 436 2803 τοὶ
462 2743 522 2802 δὲ
547 2740 689 2819 πρὸς
714 2743 900 2820 βορέω
927 2741 1134 2818 ἀνέμου
1168 2741 1200 2802 ὁ
1240 2736 1561 2819 Οὔλυμπος,
1597 2741 1669 2801 τοῖ
1707 2741 1767 2801 δὲ

150 2830 304 2908 πρὸς
345 2831 590 2907 ἕσπέρην
630 2830 860 2894 Πίνδος·
906 2830 977 2891 τοὶ
1021 2831 1081 2890 δὲ
1121 2829 1260 2907 πρὸς
1298 2829 1665 2907 μεσαμβρίην
1703 2853 1766 2887 τε

152 2918 255 2979 καὶ
280 2916 486 2994 ἄνεμον
513 2916 676 2977 νότον
701 2918 739 2994 ἦ
755 2917 998 2995 Ὄθρυς·
1039 2915 1105 2978 vd
1132 2918 1312 2994 μέσον
1337 2918 1398 2977 δὲ
1422 2918 1628 2978 τούτων
1656 2918 1766 2973 τῶν

150 3006 476 3085 λεχθέντων
518 3003 720 3082 οὐρέων
759 3005 799 3080 ἦ
839 3006 1137 3081 Θεσσαλίη
1179 3004 1319 3075 ἐστὶ,
1362 3008 1536 3063 ἐοῦσα
1576 2998 1765 3071 κοίλη·

108 3094 123 3107 ’
150 3093 310 3155 ὥστε
339 3092 412 3153 ὧν
430 3097 699 3170 ποταμῶν
719 3098 773 3156 ἐς
793 3091 966 3168 αὐτὴν
986 3093 1077 3151 καὶ
1094 3090 1287 3152 ἄλλων
1307 3092 1530 3168 συχνῶν
1552 3085 1767 3158 ἐσβαλ·

146 3181 394 3251 λόντων,
421 3181 587 3241 πέντε
621 3180 683 3239 δὲ
710 3184 821 3241 τῶν
853 3179 1091 3256 δοκίμων
1129 3179 1387 3255 μάλιστα
1423 3171 1610 3237 τῶνδε,
1645 3174 1763 3243 Πη-
