2100 3409
326 58 419 106 316
952 56 1320 106 ἫΡοΔοΤοτ
1797 54 1927 121 [IX.

323 135 428 212 τὴν
462 134 724 211 Ἀττικὴν
766 134 872 195 σῦν
915 138 1163 211 στρατοῦ
1207 134 1433 211 πλήθεΐ,
1478 136 1572 196 καὶ
1612 134 1932 197 ἀνίστασαν

321 223 452 288 τοῦς
491 223 713 300 δήμους,
742 222 842 281 οὐκ
886 221 1091 293 εἰδότ’,ες
1134 223 1222 282 ἵνα
1260 223 1583 292 ὑπεξέκειτο
1623 224 1663 300 ἦ
1705 223 1925 299 Ἑλένη,

321 310 450 372 τότε
493 312 729 391 λέγουσι
769 310 899 373 τσῠς
942 310 1235 380 Δεκελέας,
1273 313 1327 369 οἱ
1369 311 1428 369 δὲ
1470 311 1641 370 ‹uk-dv
1683 313 1927 370 Δέκελον

320 398 636 478 ἀχθόμενόν
670 424 733 458 τε
763 401 834 475 τῇ
871 397 1091 472 Θησέος
1115 398 1268 473 ὕβρι,
1301 398 1394 455 καὶ
1421 398 1777 474 δειμαίνοντα
1802 397 1921 475 περὶ

321 487 482 565 πάσῃ
508 490 581 564 τῇ
603 484 911 560 Ἀθηναίων
937 484 1110 564 χῶρῃ,
1139 484 1564 564 ἐξηγησάμενόν
1591 493 1704 560 σφι
1728 485 1797 546 τό
1816 488 1922 544 πᾶν

326 578 576 654 πρῆγμα,
620 571 1054 651 κατηγήσασθαι
1101 572 1192 631 ἐπὶ
1230 572 1331 635 τὰς
1368 571 1656 647 Ἀφίδνας.
1713 573 1815 636 τιὶς
1857 565 1919 647 δῆ

321 661 571 731 Τιτακός,
612 658 713 719 ἐῶν
754 658 1058 737 αὐτόχθων,
1102 659 1500 736 καταπροδιδοῖ
1537 661 1915 739 Τυνδαρῶῃσι·

318 753 472 810 τοῖσι
499 749 560 808 δὲ
587 751 896 808 Δεκελεῦσι
922 752 981 806 ἐν
1009 746 1242 826 Σπάρτῃ
1270 746 1382 806 ‹in-6
1407 747 1610 807 τούτου
1636 753 1739 807 τοῦ
1768 750 1915 829 ἔργου

321 836 545 911 οἷτελείη
579 862 642 895 τε
687 836 776 894 καὶ
818 834 1083 912 προεδρίη
1127 835 1396 894 διατελέει
1438 840 1492 898 ἐς
1531 834 1666 895 τόδε
1697 836 1803 894 αἰεὶ
1844 837 1913 895 ἔτι

320 929 509 993 ἐοῦσα,
538 922 678 982 οὕτω
719 922 864 982 ὥστε
906 923 997 980 καὶ
1038 927 1093 985 ἐς
1132 921 1232 982 τόν
1264 922 1519 999 πόλεμον
1543 923 1655 982 τόν
1692 921 1913 1000 ὕστερον

319 1015 595 1070 πολλοῖσι
623 1011 772 1069 ἔτεσι
805 1008 1014 1069 τούτων
1043 1009 1345 1091 γενόμενον
1369 1008 1733 1085 Ἀθηναίοισί
1745 1036 1807 1069 τε
1832 1010 1910 1068 καὶ

320 1098 857 1173 Πελοποννησίοισι,
899 1098 1236 1174 σινεομένων
1276 1097 1382 1173 τήν
1429 1096 1618 1173 ἄλλην
1664 1097 1911 1172 Ἀττικήν

226 1186 303 1249 74
319 1185 783 1262 Λακεδαιμονίων,
820 1185 1101 1258 Δεκελέης
1142 1184 1524 1263 ἀποσχέσθαι.
1581 1185 1795 1245 Τούτου
1822 1184 1911 1245 τοῦ

321 1275 499 1352 δήμου
521 1274 622 1334 ἐῶν
642 1274 673 1333 ὁ
693 1272 964 1349 Σωφάνης
984 1273 1077 1331 καὶ
1097 1271 1434 1350 ἀριστεύσας
1451 1273 1584 1332 τότε
1600 1273 1908 1349 Ἀθηναίων,

323 1363 504 1431 διξούς
535 1360 740 1441 λόγους
772 1361 1108 1440 λεγομένους
1151 1362 1283 1439 ἔχει·
1324 1386 1424 1420 τον
1458 1363 1578 1437 μὲν,
1615 1360 1687 1423 ὥς
1727 1365 1787 1419 ἐκ
1820 1366 1910 1420 τοῦ

317 1450 600 1525 ζωστῆρος
623 1473 722 1505 του
753 1446 998 1522 θώρηκος
1031 1448 1230 1525 ἐφόρεε
1265 1449 1481 1527 χαλκέῃ
1510 1446 1688 1510 αλύσι
1711 1447 1907 1524 δεδεμέ·

317 1560 418 1611 νην
444 1560 687 1615 αγκυραν
721 1535 1002 1610 σιδηρέην·
1035 1535 1154 1610 τὴν,
1195 1536 1331 1598 ὅκως
1365 1534 1638 1594 πελασειε
1673 1536 1910 1595 ἅπικνεό

317 1649 482 1701 μενος
505 1626 658 1682 τοῖσι
694 1624 1037 1699 πολεμίοισι,
1083 1624 1530 1698 βαλλέσκετο,”
1505 1649 1594 1682 ινα
1638 1623 1707 1702 δή
1738 1650 1829 1700 μιν
1863 1627 1908 1683 οἱ

316 1713 581 1789 πολέμιοι
608 1711 963 1772 ἐκπίπτοντες
998 1716 1058 1767 ἐκ
1092 1715 1192 1784 τῆς
1221 1709 1408 1779 τάξιος
1440 1718 1808 1787 μετακινῆσαι
1835 1713 1909 1788 μὴ

313 1799 591 1860 δυναίατο.
649 1800 940 1881 γινομένης
967 1799 1027 1857 δὲ
1057 1802 1242 1878 φυγῆς
1266 1803 1376 1858 τῶν
1403 1800 1677 1870 ἐναντίων,
1701 1800 1908 1859 δέδοκτο

315 1886 418 1963 τήν
459 1886 703 1967 ἄγκυραν
744 1884 1107 1962 ἀναλαβόντα
1151 1885 1291 1945 οὕτω
1335 1885 1565 1945 διώκειν·
1623 1884 1782 1950 οὗτος
1815 1890 1908 1964 μὲν

316 1973 457 2033 οὕτω
499 1975 741 2055 λέγεται·
785 2001 816 2033 ο
854 1973 900 2033 δ’
939 1974 1125 2050 ἕτερος
1159 1978 1267 2032 τῶν
1302 1974 1502 2054 λόγων,
1538 1977 1618 2053 τῷ
1654 1974 1908 2051 πρότερον

316 2062 574 2140 λεχθέντι
609 2061 1021 2137 ἀμφισβατέων
1058 2062 1299 2140 λέγεται,
1330 2060 1401 2123 ὦς
1428 2060 1511 2120 ἐπ’
1540 2060 1780 2125 ἀσπίδος
1812 2063 1906 2121 αῖει

315 2149 680 2226 περιθεούσης
729 2149 820 2207 καὶ
863 2147 1081 2225 οὐδαμα
1120 2146 1523 2225 α’,τρεμιζουσης
1567 2150 1766 2225 ἐφόρεε
1805 2150 1903 2208 ἐπί·

315 2261 501 2311 σημον
531 2261 790 2315 αγκυραν,
831 2237 924 2294 καὶ
966 2236 1066 2296 οὐκ
1104 2242 1164 2295 ἐκ
1195 2242 1299 2296 τοῦ
1338 2236 1588 2313 θώρηκος
1633 2238 1905 2315 δεδεμένην

217 2325 254 2386 7
261 2327 299 2381 5
316 2321 596 2396 σιδηρέην.
667 2320 840 2379 Ἔστι
881 2323 940 2381 δὲ
985 2325 1078 2382 καὶ
1121 2324 1307 2400 ἕτερον
1352 2324 1613 2399 Σωφάνεϊ
1658 2324 1903 2402 λαμπρὰν

316 2407 477 2487 ἔργον
525 2407 946 2488 ἐξεργασμένον,
991 2410 1080 2471 ὅτι
1122 2411 1571 2488 περικατημένων
1612 2411 1902 2488 Ἀθηναίων

314 2496 565 2576 Αἴγιναν,
600 2494 940 2573 Ευρυβάτην
968 2499 1069 2558 τόν
1095 2497 1353 2608 Ἀργεῖον
1379 2497 1554 2575 ἄνδρα
1580 2499 1901 2559 πεντάεθλον

315 2588 375 2642 ἐκ
400 2583 750 2660 προκλήσιος
777 2584 1068 2661 ἐφόνευσε.
1151 2611 1320 2647 αυτον
1347 2586 1406 2644 δὲ
1439 2586 1720 2661 Σωφάνεα
1741 2586 1901 2666 χρόνω

312 2694 547 2745 υστερον
571 2697 780 2732 τουτων
817 2666 1116 2749 κατέλαβε,
1148 2672 1322 2750 ανδρα
1355 2673 1660 2753 γενόμενον
1693 2673 1899 2755 αγαθον,

312 2753 621 2830 Ἀθηναίων
641 2760 1060 2839 στρατηγέοντα
1085 2758 1203 2837 ἅμα
1222 2761 1455 2842 Λεαγρῳ
1473 2787 1554 2820 τω
1525 2763 1898 2831 ’“Γλαυ’κωνος,

311 2839 670 2902 ἀποθανεῖν’
637 2869 748 2902 υπο
767 2844 1080 2906 Ἠδωνῶν’
1053 2873 1112 2907 εν
1137 2847 1305 2927 Δα’τω
1330 2849 1459 2925 περὶ
1484 2853 1597 2909 τῶν
1623 2849 1900 2925 μετάλλων

310 2933 423 2989 τῶν
460 2930 713 3008 χρυσέων
752 2933 1126 3011 μαχεόμενον.

218 3008 295 3073 76
392 3015 490 3078 Ως
525 3016 585 3075 δε
625 3019 779 3075 τοῖσι
804 3015 1119 3095 αἘλλησι
1091 3047 1152 3082 εν
1178 3027 1511 3100 Πλαταιῇσι
1538 3027 1901 3101 κατέστρωντο

313 3124 367 3157 οι
389 3103 698 3179 βάρβαροι,
728 3103 964 3163 ἐνθαυτα
988 3114 1104 3184 σφι
1126 3111 1340 3185 ἐπῆλθε
1359 3111 1500 3190 γυνὴ
1520 3110 1844 3187 αυτόμολος·
1871 3110 1902 3187 ἢ

314 3187 500 3246 bret&
529 3189 700 3262 ἔμαθε
726 3187 1098 3256 απολωλότας
1122 3219 1253 3258 τους
1281 3197 1513 3275 Πέρσας
1540 3197 1635 3257 καὶ
1662 3222 1904 3261 veum
