2100 3409
343 47 406 94 σε
946 42 1314 93 ἮνοΔοίὀτ
1810 44 1935 111 [VI

337 124 724 200 κεκακωμένων
751 125 813 182 ἐκ
836 124 940 199 τῆς
963 123 1274 201 ναυμαχίης
1298 122 1331 182 ὅ
1352 121 1620 187 Ῑστιαῖος
1646 124 1787 204 ἔχων
1810 152 1940 191 τους

334 211 674 288 Λεσβίους’
648 210 1010 288 επειφάτησε,
1040 215 1101 269 ἐκ
1123 211 1416 289 Πολίχνης
1432 214 1534 287 τῆς
1553 211 1766 273 Χίωνε
1732 213 1938 292 ορμεῶ-

239 300 314 360 27
333 325 517 376 μενος.
600 298 791 358 Φιλέει
834 299 897 357 δέ
937 323 1041 362 κως
1072 298 1476 375 προσημαίνειν
1510 297 1619 360 εὖτ’
1646 298 1715 361 ἂν
1731 351 1734 356 .
1746 303 1937 382 μέλλῃ

331 387 556 469 μεγάλα
583 385 725 447 κακὰ
744 384 782 462 ἢ
808 385 945 445 πόλι
970 384 1008 462 ἦ
1035 387 1181 448 ἔθνεϊ
1208 386 1460 447 ἔσεσθαι·
1489 387 1586 446 καὶ
1608 387 1720 469 γὰρ
1739 391 1937 451 Χίοισι

331 475 442 552 πρὸ
467 474 677 538 τούτων
698 473 921 551 σημήῖα
944 472 1174 555 μεγάλα
1210 471 1447 554 ἐγένετο·
1486 478 1656 536 τοῦτο
1688 477 1797 554 μέν
1825 485 1937 554 σφι

331 564 595 640 πέμψασι
641 566 698 624 ές
742 560 1008 638 Δελφοῦς
1060 560 1236 640 χορόν
1287 562 1539 637 νεηνιέων
1594 564 1791 625 ἔκατόν
1840 566 1935 625 δύο

331 653 527 726 μοῦνοι
568 648 778 710 τούτων
820 648 1236 724 ἀπενόστησαν·
1278 648 1409 713 τούς
1449 650 1509 709 δὲ
1551 650 1698 711 ὀκτώ
1736 678 1804 712 τε
1847 656 1935 713 καὶ

332 736 689 815 ἐννενήκοντα
715 737 896 799 αὖτῶν
922 736 1124 814 λοιμός
1149 735 1462 813 ὑπολαβών
1488 736 1770 845 ἀπήνεικε·
1810 745 1934 802 τοῦ·

328 850 397 885 το
429 826 488 884 δὲ
524 832 582 887 ἐν
618 831 691 905 τῇ
726 826 866 886 πόλι
901 824 1002 886 τόν
1039 823 1208 885 αὐτὸν
1248 828 1447 885 τοῦτον
1486 825 1707 904 χρόνον,
1735 826 1935 910 ὀλίγον

329 913 441 991 πρὸ
467 919 568 990 τῆς
595 915 918 993 ναυμαχίης,
948 913 1116 973 παισὶ
1139 911 1446 994 γράμματα
1476 913 1932 993 διδασκομένοισι

330 1002 559 1062 ἐνέπεσε
584 1029 621 1078 η
650 1004 842 1083 στέγη,
872 1000 1019 1061 ὥστε
1045 998 1140 1064 ἀπ’
1169 1000 1364 1061 ἑκατὸν
1390 1026 1483 1060 και
1511 1001 1691 1062 ε’ίκοσι
1719 1004 1930 1065 παίδων

331 1089 408 1154 εἷς
431 1094 634 1167 μοῦνος
671 1088 943 1170 ἀπέφυγε.
1025 1092 1203 1149 ταῦτα
1229 1088 1332 1165 μέν
1359 1095 1478 1165 σφι·
1497 1090 1720 1166 σημήῖα
1744 1090 1778 1151 6
1807 1092 1933 1156 θεὸς

327 1179 605 1255 προέδεξε·
647 1177 789 1255 μεταῖ
827 1178 886 1237 δὲ
919 1182 1111 1251 ταῦτα,
1143 1176 1181 1253 ἦ
1222 1177 1503 1257 ναυμαχίη
1543 1177 1931 1255 ὖπολαβοῧσα

328 1271 383 1330 ἐς
414 1267 551 1348 γόνυ
575 1267 680 1342 τὴν
704 1266 876 1326 πόλιν
902 1267 1099 1342 ἔβαλε·
1145 1265 1236 1325 ε’πὶ
1273 1266 1333 1326 δὲ
1372 1269 1445 1344 τῇ
1484 1268 1767 1346 ναυμαχίῃ
1807 1273 1930 1329 έπε-

326 1355 515 1433 γένετο
559 1354 823 1417 Ἱστιαῖος
864 1355 1152 1430 Λεσβίους
1203 1353 1372 1435 ἄγων·
1428 1356 1818 1431 κεκακωμένων
1869 1357 1930 1416 δὲ

326 1444 436 1500 τῶν
462 1442 628 1510 Χίων,
657 1439 1059 1517 καταστροφήν
1101 1440 1365 1505 εὐπετέως
1391 1439 1570 1501 αὐτῶν
1597 1442 1925 1518 ἐποιήσατο.

231 1529 308 1585 28
405 1527 693 1589 Ἐνθεῦτεν
726 1528 784 1586 δὲ
826 1527 857 1587 ὁ
883 1528 1147 1593 Ἱστιαῖος
1186 1528 1546 1606 ἐστρατεύετο
1588 1530 1681 1589 ε’πὶ
1711 1531 1922 1607 Θάσον,

325 1610 474 1696 ’ἄγων
505 1615 699 1678 Ἰώνων
742 1615 833 1675 καὶ
877 1616 1125 1677 Αἰολέων
1167 1618 1427 1695 συχνούς.
1509 1620 1925 1699 περικατημένῳ

324 1704 387 1763 δέ
425 1708 477 1765 οἱ
503 1704 697 1766 Θάσον
733 1704 881 1784 ἦλθε
916 1704 1174 1786 ἀγγελίη,
1205 1704 1275 1769 ὥς
1301 1709 1355 1774 οἱ
1380 1707 1629 1769 Φοίνικες
1667 1705 1922 1768 ἀναπλό-

324 1818 453 1854 ουσι
494 1799 552 1853 έκ
591 1798 693 1870 τῆς
719 1792 982 1869 Μιλήτου
1017 1792 1110 1851 ἐπὶ
1139 1793 1245 1868 τήν
1270 1792 1456 1869 ἀλλην
1479 1792 1712 1869 Ἰωνίην·
1752 1796 1920 1856 πυθό-

321 1906 485 1957 μενος
515 1883 575 1941 δὲ
612 1887 789 1942 ταῦτα
815 1881 1011 1941 Θάσον
1049 1883 1155 1957 μὲν
1188 1879 1506 1957 ἀπόρθητον
1532 1880 1731 1951 λείπει,
1757 1881 1921 1947 αὗτός

322 1969 383 2027 δὲ
410 1975 464 2033 ἐς
487 1970 591 2046 τὴν
617 1971 853 2046 Λέσβον
885 1968 1150 2049 ἠπείγετο
1189 1966 1339 2049 ἄγων
1374 1972 1569 2029 πᾶσαν
1607 1968 1713 2045 τὴν
1751 1996 1919 2047 στρα-

321 2056 464 2131 τιήν·
506 2062 566 2115 ἐκ
608 2057 845 2131 Λέσβου
889 2056 963 2128 δὲ,
1000 2054 1372 2133 λιμαινούσης
1407 2059 1461 2116 οἱ
1498 2061 1599 2132 τῆς
1636 2063 1916 2135 στρατιῆς,

321 2144 496 2219 πέρην
537 2144 812 2218 διαβαίνει
856 2148 915 2201 ἐκ
954 2148 1055 2203 τοῦ
1098 2143 1393 2222 Ἀταρνέος
1435 2143 1506 2207 ὥς
1545 2142 1781 2220 ἀμήσων
1819 2145 1919 2206 τᾶν

320 2234 498 2300 σῖτον,
526 2229 625 2289 τόν
649 2256 712 2290 τε
739 2231 985 2291 ἐνθεῦτεν
1013 2232 1107 2291 καὶ
1132 2231 1233 2292 τὸν
1260 2237 1319 2290 ἐκ
1347 2232 1563 2291 Καΐκου
1598 2232 1790 2291 πεδίου
1819 2234 1918 2295 τόν

320 2320 431 2377 τῶν
458 2322 692 2376 Μυσῶν·
735 2323 794 2377 ἐν
821 2318 879 2376 δὲ
904 2318 1157 2378 τούτοισι
1181 2322 1336 2379 τοῖσι
1361 2320 1619 2398 χωρίοισι
1653 2319 1919 2400 ἐτύγχανε

324 2405 425 2464 ε’ὠν
454 2405 762 2487 Ἅρπαγος,
806 2396 945 2484 ἀνὴρ
990 2407 1238 2483 Πέρσης,
1288 2406 1605 2488 στρατηγός
1651 2411 1918 2484 στρατιῆς

321 2493 420 2553 οὐκ
454 2493 680 2575 ὀλίγης·
734 2494 793 2557 ὅς
840 2498 892 2552 οἱ
932 2493 1260 2570 ἀποβάντι
1280 2494 1598 2572 συμβαλων
1651 2492 1818 2555 αὖτόν
1854 2522 1917 2555 τε

319 2580 586 2644 Ἱστιαῖον
615 2583 817 2663 ζωγρίῃ
846 2583 1025 2658 ἔλαβε·
1062 2583 1155 2641 καὶ
1188 2583 1289 2643 τᾶν
1329 2582 1573 2660 στρατὸν
1610 2581 1781 2642 αὐτοῦ
1817 2582 1917 2643 τὸν

225 2671 301 2730 29
322 2674 476 2729 πλέω
512 2671 806 2746 διέφθειρε.
888 2669 1213 2751 Ἐζωγρήθη
1242 2671 1300 2730 δὲ
1333 2670 1365 2730 6
1391 2669 1657 2733 Ἱστιαῖος
1684 2667 1805 2728 ὦδε·
1846 2669 1917 2734 οἷς

323 2759 597 2837 ἐμάχοντο
634 2762 687 2817 οἱ
708 2760 987 2834 Ἕλληνες
1011 2762 1177 2832 τοῖσι,
1193 2761 1461 2838 Πέρσῃσι
1488 2764 1546 2819 έν
1570 2762 1643 2838 τῇ
1670 2757 1914 2838 Μαλήνῃ

318 2850 420 2923 τῆς
443 2846 845 2922 Ἀταρνείτιδος
884 2845 1085 2924 χώρης,
1116 2850 1169 2907 οἱ
1194 2850 1297 2924 μὲν
1323 2848 1686 2908 συνέστασαν
1717 2845 1916 2925 χρόνον

322 2935 414 2996 ε’πὶ
439 2934 675 3005 πολλόν,
696 2933 735 3010 ἦ
762 2934 821 2993 δὲ
849 2935 1014 2997 ἵππος
1040 2934 1278 3013 ὕστερον
1299 2936 1615 3014 ὁρμηθεῖσα
1637 2935 1918 2994 ἐπιπίπτει

317 3028 472 3086 τοῖσι
488 3023 763 3099 ’Έλλησν
804 3021 931 3082 τότε
975 3022 1043 3099 δὴ
1088 3024 1248 3103 ἔργον
1277 3029 1379 3099 τῆς
1407 3025 1580 3083 ἵππου
1608 3028 1779 3083 τοῦτο
1807 3023 1919 3103 ἐγέ-

317 3138 462 3173 νετο·
505 3112 597 3173 καὶ
637 3110 1024 3188 τετραμμένων
1071 3116 1180 3178 τῶν
1224 3111 1528 3187 Ἑλλήνων,
1563 3110 1610 3170 -ὁ
1655 3110 1923 3176 Ἱστιαῖος

317 3202 555 3273 ἐλπίζων
580 3199 680 3261 οὐκ
705 3198 1055 3260 ἀπολέεσθαι
1089 3197 1200 3259 ὕπὸ
1223 3199 1506 3274 βασιλέος
1532 3197 1625 3259 διοῖ
1651 3198 1759 3274 τήν
1781 3223 1921 3276 παρ·
