2100 3409
256 59 353 108 224
855 49 1223 100 ἨΡΟΔΟΤΟΥ
1674 49 1871 114 [VIII.

267 134 668 213 οἷπονοστήσει·
711 130 853 192 οὕτω
895 126 1138 188 ἀσθενέα
1178 134 1292 203 σφι
1332 130 1592 205 ἐφαίνετο
1626 128 1767 190 εἶναι
1800 132 1877 193 τὰ

263 226 374 283 τῶν
404 220 693 297 Ἑλλήνων
729 218 1055 300 πρήγματα·
1097 217 1291 278 ὅσοισι
1326 216 1386 276 δὲ
1423 217 1515 275 καὶ
1547 216 1877 294 ἡδομένοισι

262 309 334 387 ἥν
383 308 451 370 vd
504 307 811 390 γινόμενον,
866 305 1118 383 ἅμιλλαν
1178 308 1462 364 ἐποιεῦντο
1516 303 1655 367 ὅκως
1708 305 1884 372 αὐτὸς

265 398 499 459 ἕκαστος
537 400 754 471 πρῶτος
785 394 882 455 νέα
921 393 1184 466 Ἀττικὴν
1215 391 1357 452 ἐλὼν
1396 391 1553 470 παρὰ
1592 395 1881 469 βασιλέος

264 486 412 562 δῶρα
451 482 756 559 λάμψεται·
824 480 1134 557 Ἀθηναίων
1171 478 1284 561 γιὶρ
1325 478 1547 539 αὐτοῖσι
1588 480 1763 561 λόγος
1805 481 1882 558 ἦν

171 573 241 632 ll
264 576 534 633 πλεῖστος
560 595 665 629 ανα
691 593 763 628 τα
790 569 1163 646 στρατόπεδα.
1246 571 1414 626 Τοῖσι
1440 567 1501 625 δὲ
1516 566 1776 643 Ἕλλησι
1804 571 1886 634 ὥς
1951 618 1972 631 .

264 658 525 737 ἐσήμῃνε,
562 683 757 734 πρωτα
793 659 912 734 μὲν,
954 654 1289 764 ἀντίπρωροι
1322 658 1478 714 τοῖσι
1509 650 1888 732 βαρβάροισι

261 746 548 827 γενόμενοι
602 750 659 808 ἐς
707 743 774 804 τὰ
827 743 1007 821 μέσον
1060 741 1162 806 τοὶς
1218 767 1470 818 πρυμνας
1523 741 1886 824 συνήγαγον·

262 833 486 910 δεύτερα
513 833 572 892 δὲ
609 830 977 910 σημήναντος,
1007 832 1171 910 ἔργου
1213 830 1447 909 εἴχοντο,
1477 834 1536 890 ἐν
1561 829 1737 910 ὄλίγω
1760 858 1886 910 περ

260 919 727 998 ἀπολαμφθέντες
748 918 999 978 καὶκατὰ
1026 918 1235 995 στόμα.
1307 919 1545 978 ἐνθαῦτα
1568 916 1888 994 τριήκοντα

261 1010 388 1071 νέας
429 1009 676 1085 αἱρέουσι
728 1012 838 1067 τῶν
877 1005 1189 1083 βαρβάρων
1234 1005 1329 1065 καὶ
1364 1004 1467 1065 τὸν
1506 1005 1728 1086 Γόργου
1764 1013 1886 1067 τοῦ

262 1097 616 1173 Σαλαμινίων
649 1095 929 1171 βασιλέος
968 1093 1263 1168 ἀδελφεὸν,
1295 1092 1547 1152 Φιλάονα
1578 1092 1684 1153 τὸν
1721 1096 1888 1172 Χέρ-

263 1211 403 1256 σιος,
471 1184 707 1264 λόγιμον
775 1181 937 1243 ἐόντα
1006 1186 1066 1241 ἐν
1131 1185 1207 1260 τῷ
1259 1181 1619 1260 στρατοπέδῳ
1671 1179 1881 1260 ἄνδρα.

259 1277 478 1349 πρῶτος
518 1266 578 1331 δὲ
622 1269 910 1346 Ἑλλήνων
952 1269 1052 1329 νέα
1090 1272 1202 1328 τῶν
1235 1269 1517 1345 πολεμίων
1563 1268 1680 1328 εἷλε
1719 1268 1890 1350 ἀνὴρ

258 1358 553 1435 Ἀθηναῖος
602 1356 933 1433 Λυκομήδης
980 1356 1280 1434 Αἰσχρέου,
1330 1356 1423 1414 καὶ
1461 1381 1528 1416 το
1569 1356 1890 1436 ἅρυστήῖον

262 1448 441 1522 ἔλαβε
466 1470 644 1507 ουτος.
705 1443 857 1506 τοῦς
882 1443 927 1500 δ’
957 1448 1018 1503 ἐν
1039 1447 1115 1522 τῇ
1133 1443 1413 1521 ναυμαχίῃ
1437 1441 1609 1521 ταύτῃ
1635 1446 1893 1521 ἑτεραλ-

261 1534 394 1595 κέως
428 1531 858 1610 ἀγωνιζομένους
892 1530 995 1600 νῦξ
1033 1531 1356 1590 ἐπελθοῦσα
1381 1530 1622 1590 διέλυσε·
1666 1534 1724 1590 οἱ
1756 1537 1892 1608 μὲν

259 1619 329 1696 δή
360 1619 642 1696 Ἕλληνες
681 1618 772 1677 ἐπὶ
810 1618 876 1677 τὰ
926 1614 1287 1696 Ἀρτεμίσιον
1334 1616 1646 1687 ἀπέπλωον,
1706 1623 1763 1679 οἱ
1814 1623 1895 1685 δὲ

254 1708 547 1786 βάρβαροι
575 1713 631 1772 ἐς
653 1706 757 1771 τὰς
780 1706 1023 1782 Ἀφέτας
1050 1705 1271 1765 πολλὸν
1296 1704 1452 1782 παρᾶ
1479 1704 1642 1775 δόξαν
1663 1705 1895 1787 ἀγωνι-

256 1795 513 1873 σάμενοι.
582 1800 640 1856 ἐν
657 1794 829 1873 ταύτῃ
848 1797 922 1872 τῇ
947 1793 1229 1871 ναυμαχίῃ
1246 1791 1571 1868 Ἀντίδωρος
1589 1793 1895 1872 Λήμνιος,

255 1887 460 1961 μοῦνος
484 1888 593 1945 τιῦν
612 1884 719 1944 σῦν
733 1882 973 1958 βασιλέϊ
986 1880 1277 1955 Ἑλλήνων
1299 1879 1510 1950 ἐόντων,
1528 1879 1900 1957 αὐτομολέει

257 1976 315 2035 ἐς
364 1972 493 2037 τσῦς
520 1971 828 2046 Ἕλληνας·
898 1969 990 2027 καὶ
1030 1971 1086 2033 οἱ
1125 1966 1415 2043 Ἀθηναῖοι
1453 1966 1546 2027 διὰ
1581 1972 1752 2029 τοῦτο
1805 1974 1897 2035 τὰ

257 2060 418 2141 ἔργον
445 2060 646 2119 ἔδοσαν
672 2058 817 2136 αὐτῷ
840 2061 1024 2136 χῶρον
1052 2061 1111 2115 ἐν
1137 2056 1440 2132 Σαλαμῖνι.

164 2147 239 2206 12
336 2146 435 2210 Ὡς
469 2147 529 2205 δὲ
566 2145 808 2222 εὐφρόνη
844 2144 1108 2224 ἐγεγόνεε,
1137 2141 1209 2218 ἦν
1232 2145 1336 2219 μὲν
1367 2146 1469 2217 τῆς
1501 2141 1658 2251 ὥρης
1674 2145 1900 2220 μέσον

257 2235 431 2310 θέρος,
474 2233 683 2313 ἐγίνετο
724 2230 784 2289 δὲ
822 2230 963 2307 ὕδωρ
1003 2256 1067 2290 τε
1108 2227 1354 2289 απλετον
1393 2228 1486 2288 δια
1525 2229 1719 2307 πάσης
1759 2241 1900 2312 τῆς

253 2321 448 2383 νυκτός
485 2320 576 2377 καὶ
612 2317 855 2399 σκληραὶ
881 2317 1120 2395 βρονταὶ
1152 2315 1265 2376 α’πὸ
1301 2321 1402 2377 τοῦ
1429 2318 1671 2393 Πηλίου·
1718 2324 1782 2379 οἱ
1817 2324 1898 2386 δὲ

253 2407 438 2485 νεκροὶ
470 2406 562 2464 καὶ
593 2404 667 2465 τοὶ
699 2402 933 2486 ναυήγια
968 2404 1331 2482 ἐξεφορέοντο
1369 2408 1425 2466 ἐς
1459 2428 1560 2469 τας
1592 2403 1891 2487 Ἀφέτας,

255 2495 348 2554 καὶ
399 2495 532 2572 περί
576 2519 637 2553 τε
689 2519 789 2556 τας
839 2491 1063 2601 πρώρας
1115 2496 1226 2552 τῶν
1269 2516 1406 2567 νεων
1422 2492 1708 2555 ειλέοντο
1767 2503 1897 2562 καὶ

253 2581 572 2660 ἐτάρασσον
599 2581 729 2645 τοῦς
761 2580 1007 2658 ταρσοῦς
1035 2583 1146 2640 τῶν
1170 2578 1412 2638 κωπέων.
1496 2582 1550 2639 οἱ
1586 2580 1644 2639 δὲ
1681 2607 1894 2660 ‹ru-pa.

250 2674 441 2731 τιῶται
481 2660 746 2749 οῖ’ταύτῃ
801 2666 1094 2730 ἀκούοντες
1143 2670 1321 2726 ταῦτα
1361 2671 1417 2729 ἐς
1457 2666 1648 2743 φόβον
1706 2695 1890 2735 κατι.

251 2759 474 2828 στέατο,
514 2758 828 2829 ἐλπίζοντες
861 2754 1056 2866 παγχυ
1092 2754 1455 2833 ἀπολέεσθαι,
1493 2759 1550 2817 ἐς
1582 2754 1675 2813 οἶα
1712 2764 1893 2826 κακὰ

245 2844 405 2924 ἧκον·
443 2845 577 2924 πρὶν
610 2871 722 2927 γαρ
752 2843 818 2952 ἢῆ
833 2844 926 2903 καὶ
936 2842 1315 2905 θοὶναπνεῦσαί
1346 2842 1593 2916 σφεας”
1563 2867 1623 2901 εκ
1661 2850 1732 2904 τε
1755 2854 1895 2927 τῆς

249 2935 513 3018 ναυηγίης
566 2933 659 2993 καὶ
717 2936 818 2993 τοῦ
868 2936 1139 3011 χειμῶνος
1195 2933 1332 2989 τοῦ
1357 2930 1656 3010 γενομένου
1715 2940 1897 3002 κατὰ

248 3024 488 3100 Πήλιον,
542 3022 800 3097 ὑπέλαβε
853 3019 1134 3098 ναυμαχίη
1188 3017 1451 3129 καρτερή·
1527 3023 1590 3078 ἐκ
1642 3018 1707 3080 δε
1760 3032 1898 3105 τῆς

248 3112 570 3192 ναυμαχίης,
600 3108 821 3186 ὄμβρος
860 3131 923 3164 τε
961 3106 1183 3184 λάβρος
1224 3106 1316 3165 καὶ
1355 3104 1603 3183 ῥεύματα
1645 3109 1898 3191 ἰσχυρὰ,

250 3202 306 3261 ἐς
344 3199 649 3258 θάλασσαν
687 3192 1001 3271 (ὁρμημένα,
1028 3194 1274 3270 βρονταί
1307 3218 1371 3253 τε
1407 3194 1676 3272 σκληραί.
1768 3204 1898 3281 0502.
