2100 3409
237 64 457 129 12-16]
849 66 1228 118 KAAAIOIIH.
1745 74 1840 127 287

233 145 479 225 ἀγγελίη
505 145 577 210 ὥς
584 145 771 218 ἅλέες
802 148 1000 224 εἴησαν
1035 152 1090 207 οἱ
1119 148 1399 225 Ἕλληνες
1430 155 1489 211 ἐν
1510 155 1591 231 τῷ
1610 151 1842 234 Ἰσθμῷ·

233 231 379 294 οὕτω
433 232 500 309 δή
557 234 739 295 οπίσω
795 235 1086 312 ἐπορεύετο
1136 236 1227 296 διοῖ
1272 238 1564 314 Δεκελέης·
1634 243 1687 299 οἱ
1731 241 1842 320 γὰρ

228 321 587 401 βοιωτάρχαι
646 325 1077 402 μετεπέμψαντο
1134 352 1263 390 τους
1316 327 1683 406 προσχώρους
1732 333 1842 389 τῶν

229 408 551 471 Ἀσωπίων·
594 408 748 471 οὗτοι
775 412 834 471 δὲ
858 411 1006 492 αὐτῷ
1029 413 1137 489 τήν
1161 413 1295 475 ὄδόν
1318 413 1555 495 ἤγέοντο
1581 419 1635 477 ἐς
1664 418 1843 490 Σφεν-

226 498 459 562 δαλέας·
518 500 767 559 ἐνθεῦτεν
809 499 870 559 δὲ
912 505 967 564 ἐς
1012 502 1323 582 Τανάγρην·
1381 507 1441 562 ἐν
1482 501 1740 582 Τανάγρῃ
1782 504 1843 562 δὲ

230 585 408 646 νύκτα
449 586 898 663 ἐναυλισάμενος,
949 589 1040 647 καὶ
1080 587 1425 665 τραπόμενος
1463 594 1536 668 τῇ
1575 589 1842 669 ὑστεραίῃ

229 677 291 736 ἐς
323 675 573 745 Σκῶλον,
618 678 676 734 ἐν
716 679 791 756 γῇ
822 679 894 755 τῇ
928 675 1261 751 Θηβαίων’
1225 702 1313 751 ην·
1357 677 1593 736 ἐνθαῦτα
1633 678 1692 737 δὲ
1730 683 1840 739 τῶν

229 763 504 838 Θηβαίων
531 763 725 839 καίπερ
752 763 1090 838 μηδιζόντων
1118 764 1288 841 ἔκειρε
1311 789 1442 826 τους
1464 764 1693 843 χώρους,
1721 765 1841 826 οὔτι

231 849 380 910 κατοὶ
434 851 596 929 ἔχθος
649 843 841 921 αυτῶν,
898 849 1033 910 ἀλλ’
1085 850 1178 910 ὑπ’
1231 849 1534 932 ἀναγκαίης
1589 853 1841 933 μεγάλης

230 937 521 1018 ἐχόμενος.
601 938 1022 1016 βουλόμενος”
992 938 1168 1016 ερυμά
1204 966 1268 1000 τε
1306 944 1384 1019 τῷ
1422 944 1645 1019 στρατῷ
1682 941 1841 1018 ποιή-

230 1027 472 1099 σασθαι,
502 1027 592 1084 καὶ
617 1024 685 1101 ἢν
721 1026 1085 1103 συμβαλόντι
1111 1031 1165 1087 οἱ
1198 1028 1279 1105 μὴ
1314 1028 1548 1106 ἐκβαίνῃ
1574 1028 1760 1088 ὁκοῖόν
1784 1054 1841 1089 τι

232 1115 440 1184 ἐθέλοι,
495 1114 886 1196 κρησφύγετον
938 1120 1106 1176 τοῦτο
1166 1117 1431 1176 ἐποιέετο.
1513 1120 1727 1191 παρῆκε
1780 1117 1841 1176 δὲ

232 1201 409 1261 αὐτοῦ
454 1201 520 1261 τό
573 1201 952 1278 στρατόπεδον
1002 1201 1314 1279 ἀρξάμενον
1366 1200 1479 1261 ἆπό
1533 1201 1840 1279 Ἐρυθρέων

222 1289 391 1366 παρὰ
429 1289 641 1352 Ὑσιάς·
701 1291 973 1350 κατέτεινε
1014 1290 1074 1348 δὲ
1114 1295 1170 1353 ἐς
1207 1289 1311 1365 τὴν
1353 1289 1673 1349 Πλαταιΐδα
1711 1294 1838 1370 γῆν,

180 1389 189 1397 ’
230 1376 393 1454 παρὰ
429 1378 526 1436 τὸν
565 1376 827 1436 Ἀσωπὸν
866 1376 1123 1453 ποταμὸν
1159 1378 1514 1458 τεταγμένον·
1557 1376 1623 1436 οὗ
1647 1378 1838 1453 μέντοι

230 1463 303 1525 τό
342 1490 409 1545 γε
447 1468 631 1542 τεῖχος
671 1469 944 1526 τοσοῦτον
984 1467 1246 1537 ἐποιέετο,
1289 1464 1420 1525 ἀλλ’
1462 1465 1534 1529 ὦς
1574 1466 1666 1525 ἐπὶ
1707 1466 1838 1525 δέκα

232 1551 496 1614 σταδίους
519 1552 775 1627 μάλιστά
804 1579 872 1628 κη
899 1553 1154 1629 μέτωπον
1182 1555 1434 1613 ἕκαστον.

317 1637 590 1717 Ἐχόντων
645 1640 703 1697 δὲ
756 1640 853 1698 τὸν
893 1640 1065 1698 πόνον
1106 1644 1302 1698 τοῦτον
1342 1644 1450 1698 τῶν
1502 1640 1834 1715 βαρβάρων,
1856 1641 1932 1700 16

229 1728 558 1807 Ἀτταγῖνος
597 1726 628 1785 ὁ
671 1725 970 1802 Φρύνωνος,
998 1724 1138 1801 ἀνὴρ
1182 1727 1451 1801 Θηβαῖος,
1485 1751 1837 1801 παρασκευα-
1917 1740 1922 1746 “

230 1813 479 1891 σάμενος
517 1813 788 1893 μεγάλως,
817 1812 1011 1873 ἐκάλεε
1052 1814 1145 1873 ἐπὶ
1185 1814 1355 1882 ξείνια
1392 1811 1559 1870 αὐτόν
1584 1837 1646 1870 τε
1677 1818 1837 1889 Μαρ-

231 1900 419 1961 δόνιον
446 1901 538 1959 καὶ
563 1901 905 1975 πεντήκοντα
941 1901 1208 1976 Περσέων
1242 1899 1371 1961 τούς
1404 1897 1837 1977 λογιμωτάτους·

231 1989 533 2065 κληθέντες
566 1989 624 2047 δὲ
656 1985 810 2048 οὗτοι
843 1988 1061 2048 ἕποντο·
1103 1987 1173 2062 ἦν
1208 1987 1267 2045 δὲ
1306 1985 1371 2046 τό
1410 1986 1629 2046 δεῖπνον
1654 1986 1839 2046 ποιεύ-

227 2102 402 2153 μενον
443 2082 503 2136 ἐν
537 2077 789 2154 Θήβῃσι.
873 2076 945 2134 τοὶ
978 2077 1036 2134 δὲ
1078 2075 1184 2151 ἤδη
1224 2074 1296 2136 ταῖ
1334 2075 1600 2133 ἐπίλοιπα
1634 2074 1839 2149 ἤκουον

230 2162 607 2242 Θερσάνδρου,
637 2162 833 2239 ἀνδρὸς
867 2165 970 2239 μὲν
999 2162 1393 2241 ,Ὀρχομενίου,
1432 2163 1671 2242 λογίμου
1697 2163 1756 2221 δὲ
1783 2167 1839 2226 ἐς

228 2250 304 2313 τοὶ
329 2253 526 2328 πρῶτα
553 2256 611 2310 ἐν
641 2249 982 2330 Ὀρχομενῷ·
1025 2252 1135 2327 ἔφη
1171 2250 1232 2310 δὲ
1262 2250 1293 2312 ὁ
1327 2250 1677 2327 Θέρσανδρος
1705 2255 1839 2327 κλη-

230 2341 400 2417 θῆναι
427 2340 520 2411 καὶ
541 2338 705 2403 αὗτός
723 2338 831 2398 ὖπὸ
850 2337 1181 2420 Ἀτταγίνου
1203 2339 1294 2398 ἐπὶ
1313 2338 1378 2398 τό
1407 2339 1624 2397 δεῖπνον
1649 2342 1834 2398 τοῦτο·

228 2427 512 2503 κληθῆναι
554 2428 615 2486 δὲ
657 2427 748 2485 καὶ
784 2425 1048 2501 Θηβαίων
1091 2426 1291 2503 ἄνδρας
1322 2425 1682 2500 πεντήκοντα·
1744 2425 1846 2486 καί

227 2522 432 2591 σφεων
448 2512 513 2573 οὐ
531 2513 698 2591 χωρὶς
719 2515 1004 2590 ἑκατέρους
1022 2517 1223 2583 κλῖναι,
1241 2512 1398 2572 ἀλλὰ
1417 2513 1648 2587 Πέρσην
1667 2538 1729 2572 τε
1747 2513 1840 2572 καὶ

228 2604 497 2679 Θηβαῖον
523 2606 581 2661 ἐν
606 2600 767 2678 κλίνῃ
795 2601 1020 2680 ἑκάστῃ·
1090 2600 1160 2664 ὥς
1186 2601 1246 2659 δὲ
1272 2599 1384 2659 ἆπὸ
1422 2599 1644 2660 δείπνου
1670 2598 1837 2674 ἦσαν,

228 2686 611 2757 διαπινόντων,
653 2688 751 2749 τᾶν
794 2689 1026 2763 Πέρσην
1076 2687 1176 2748 τόν
1229 2687 1545 2765 ὁμόκλινον,
1585 2686 1841 2747 Ἐλλάδα

227 2781 513 2858 γλῶσσαν
581 2775 745 2844 ἱέντα,
803 2777 1050 2852 εἴρεσθαι
1110 2775 1281 2836 αὗτόν
1338 2773 1621 2839 ὁποδαπός
1679 2780 1838 2844 ἐστι,

227 2863 401 2927 αὖτός
443 2863 502 2921 δὲ
541 2862 947 2939 ὑποκρίνασθαι
985 2863 1058 2926 ὥς
1089 2865 1172 2939 εἴη
1207 2863 1591 2942 Ὀρχομένιος·
1645 2863 1744 2922 τὸν
1779 2861 1841 2921 δὲ

228 2953 430 3010 εἰπεῖν·
461 2959 496 2984 “
514 2952 632 3009 ἐπεὶ
653 2954 750 3010 νῦν
775 2950 1151 3028 ὁμοτράπεζός
1169 2951 1234 3009 τέ
1258 2977 1357 3028 μοι
1378 2952 1467 3009 καὶ
1489 2950 1841 3026 ὁμόσπονδος

230 3038 444 3120 ἐγένεο,
473 3037 804 3114 μνημόσυνά
842 3064 928 3097 τοι
967 3038 1191 3117 γνώμης
1227 3042 1327 3113 τῆς
1369 3043 1503 3112 ἐμῆς
1545 3035 1841 3092 καταλιπέ-

229 3126 378 3186 σθαι
420 3124 585 3194 θέλω,
635 3126 724 3185 ἵνα
763 3126 854 3184 καὶ
894 3124 1163 3200 προειδώς
1203 3123 1365 3187 αὐτὸς
1418 3123 1544 3197 περὶ
1597 3123 1841 3181 σεωυτοῦ

228 3209 625 3292 βουλεύεσθαι
677 3214 805 3292 ἔχῃς
854 3211 928 3272 τοὶ
971 3211 1354 3288 συμφέροντα·
1435 3207 1568 3287 ὁρᾷς
1616 3204 1844 3272 τούτους
