2100 3409
112 33 366 101 εει-43]
785 14 1094 84 OTPANIA.
1646 35 1743 84 235

116 118 380 197 ἔχοντας
424 116 486 173 ἐν
532 114 776 192 φυλακῇ,
820 113 894 173 τοὶ
946 114 1006 173 δὲ
1052 112 1209 173 ἅλλα
1252 114 1491 175 ἀπιέναι·
1572 119 1752 189 ταῦτα

117 198 570 278 πυνθανόμενοι,
599 199 740 260 οὕτω
772 200 841 277 δὴ
876 202 1342 279 προσεδεήθησάν
1367 208 1560 278 σφεων
1586 206 1754 281 σχεῖν

121 290 284 367 πρὸς
309 287 421 364 τὴν
446 289 761 364 Σαλαμῖνα.
842 293 918 350 Οἱ
946 292 1052 366 μὲν
1076 290 1146 366 δή
1179 288 1350 350 ἄλλοι
1384 290 1660 368 κατέσχον
1695 295 1749 353 ἐς
1765 292 1838 349 41

123 379 244 455 τὴν
273 378 591 452 Σαλαμῖνα,
619 375 908 453 Ἀθηναῖοι
939 377 998 437 δὲ
1031 382 1088 442 ἐς
1117 377 1222 453 τὴν
1246 380 1482 438 ιε’ωυτῶν·
1522 376 1667 455 μετὰ
1691 377 1752 436 δὲ

127 465 249 541 τὴν
288 462 485 534 ἄπιξιν
522 462 780 544 κήρυγμα
818 462 1175 540 ἐποιήσαντο,
1215 465 1522 542 Ἀθηναίων
1558 468 1632 544 τῇ
1669 490 1780 528 τις·

133 553 379 613 δύναται
402 551 601 624 σώζειν
618 551 691 612 τὰ
707 552 873 612 τέκνα
895 578 957 612 τε
983 554 1077 611 καὶ
1094 555 1224 617 τούς
1242 555 1473 618 οἰκέτας·
1516 554 1751 614 ἐνθαῦτα

135 646 196 701 οἱ
238 643 349 717 μὲν
386 642 653 700 πλεῖστοι
692 645 747 703 ἐς
786 641 1062 716 Τροιζῆνα
1102 639 1457 712 ἀπέστειλαν,
1503 643 1558 701 οἱ
1596 641 1657 700 δὲ
1697 647 1751 704 ἐς

139 729 404 808 Αἴγιναν,
445 730 500 786 οἱ
552 726 612 786 δὲ
662 731 717 790 ἐς
757 728 1075 804 Σαλαμῖνα.
1157 729 1441 789 ἔσπευσαν
1479 729 1540 789 δὲ
1576 733 1753 789 ταῦτα

135 815 512 885 ὖπεκθέσθαι,
538 818 615 895 τῷ
637 816 960 894 χρηστηρίῳ
984 841 1046 875 τε
1065 815 1409 893 βουλόμενοι
1435 816 1753 894 ὑπηρετέειν

140 905 242 963 καὶ
290 902 363 978 δή
411 902 505 961 καὶ
545 903 709 962 τοῦδε
754 903 932 963 εἵνεκα
973 903 1074 963 οὐκ
1117 903 1341 980 ἥκιστα·
1420 905 1658 986 λέγουσι
1698 907 1753 964 οἱ

139 991 455 1067 Ἀθηναῖοι,
493 988 627 1066 ὅφιν
666 991 846 1073 μέγαν
887 991 1118 1067 φύλακα
1156 996 1255 1068 τῆς
1295 991 1632 1071 ἀκροπόλιος
1672 998 1752 1052 ἐν-

142 1078 492 1138 διαιτέεσθαι
526 1083 584 1138 ἐν
612 1083 690 1157 τῷ
721 1081 835 1157 ἱρῷ·
876 1080 1118 1161 λέγουσί
1145 1105 1208 1140 τε
1236 1085 1413 1141 ταῦτα
1439 1081 1532 1139 καὶ
1562 1080 1631 1155 δή
1661 1081 1753 1139 καὶ

142 1166 219 1229 ὥς
265 1165 418 1226 ἐόντι
462 1166 723 1243 ἐπιμήνια
765 1167 1117 1226 ἐπιτελέουσι
1157 1168 1526 1243 προτιθέντες·
1592 1166 1666 1226 τοὶ
1706 1167 1753 1227 δ’

142 1253 418 1331 ἐπιμήνια
457 1253 809 1331 μελιτόεσσιί
850 1259 992 1314 ἐστι·
1041 1253 1180 1329 αὕτη
1223 1252 1269 1314 δ’
1311 1279 1349 1329 η
1389 1253 1753 1331 μελιτόεσσα,

102 1356 105 1359 ’
143 1348 206 1403 ἐν
246 1345 328 1421 τῷ
366 1341 618 1419 πρόσθεν
660 1343 766 1402 αἰεὶ
807 1342 990 1422 χρόνῳ
1031 1341 1486 1419 ἀναισιμουμένη,
1519 1340 1646 1403 τότε
1685 1341 1756 1417 ἦν

141 1426 464 1509 ἄψαυστος·
505 1431 840 1541 σημηνάσης
870 1431 931 1490 δὲ
964 1435 1144 1491 ταῦτα
1175 1435 1276 1507 τῆς
1314 1430 1497 1508 ἱρείης,
1528 1429 1757 1508 μᾶλλόν

138 1544 203 1579 τι
257 1521 315 1578 οἱ
366 1516 654 1594 Ἀθηναῖοι
708 1520 800 1578 καὶ
860 1518 1277 1596 προθυμότερον
1340 1519 1596 1588 ἐξέλιπον
1652 1517 1757 1593 τήν

140 1605 338 1676 πόλιν,
390 1605 460 1669 ὥς
506 1607 599 1666 καὶ
641 1610 742 1682 τῆς
789 1607 919 1667 θεοῦ
964 1605 1402 1682 ἀπολελοιπυίης
1446 1607 1550 1682 τήν
1592 1605 1755 1683 ἀκρό-

140 1698 341 1754 πολιν·
383 1693 454 1757 ὥς
495 1694 558 1754 δέ
597 1701 711 1770 σφι
751 1692 934 1755 πάντα
972 1693 1303 1768 ὖπεξέκειτο,
1339 1695 1554 1755 ἔπλωον
1596 1698 1651 1757 ἐς
1687 1693 1756 1754 τὰ

141 1780 553 1858 στρατόπεδον.

211 1869 379 1929 Ἐπεὶ
405 1870 464 1928 δὲ
489 1873 544 1930 οἱ
568 1868 664 1931 ἀπ’
690 1869 1050 1948 Ἀρτεμισίου
1078 1875 1134 1935 ἐς
1160 1871 1458 1948 Σαλαμῖνα
1478 1869 1755 1948 κατέσχον
1769 1870 1848 1929 42

142 1957 249 2021 τὰς
286 1958 429 2027 νέας,
458 1958 717 2035 συνέρρεε
745 1959 837 2017 καὶ
864 1958 895 2017 ό
916 1958 1116 2020 λοιπὸς
1151 1957 1561 2035 πυνθανόμενος
1588 1957 1620 2016 ὁ
1644 1961 1756 2017 τῶν

142 2044 443 2120 Ἑλλήνων
483 2045 736 2109 ναυτικὰς
777 2046 1018 2121 στρατός
1064 2050 1124 2103 ἐκ
1171 2047 1485 2122 Τροιζῆνος·
1546 2049 1600 2107 ἐς
1644 2037 1754 2124 γοῖρ

147 2132 410 2213 Πώγωνα
427 2133 526 2193 τόν
544 2132 875 2209 Τροιζηνίων
894 2134 1095 2208 λιμένα
1122 2134 1417 2211 προείρητο
1439 2132 1753 2212 συλλέγεσ-

150 2221 266 2281 θαι·
311 2221 737 2299 συνελέχθησάν
772 2246 834 2281 τε
872 2220 939 2297 δή
966 2225 1168 2301 πολλῷ
1194 2225 1426 2285 πλεῦνες
1466 2222 1582 2284 νέες
1607 2217 1644 2295 ἢ
1670 2217 1755 2278 ἐπ’

146 2306 489 2388 Ἀρτεμισίῳ
533 2308 889 2387 ἐναυμάχεον,
938 2310 1030 2368 καὶ
1077 2309 1188 2370 ἄπο
1232 2310 1446 2369 πολίων
1486 2307 1749 2368 πλεύνων.

148 2419 431 2474 ναυαρχος
464 2397 569 2472 μέν
594 2422 691 2456 νυν
717 2401 855 2472 ε’πῆν
884 2395 1055 2472 ωυτός
1080 2396 1261 2473 ὅσπερ
1290 2396 1373 2455 ἐπ’
1401 2396 1750 2474 Ἀρτεμισίῳ,

146 2482 508 2561 Ευρυβιάδης
553 2484 585 2544 ὁ
633 2483 1028 2561 Εὐρυκλείδεω,
1083 2483 1222 2560 ανὴρ
1278 2483 1631 2559 Σπαρτιήτης
1688 2483 1756 2542 οὐ

144 2572 347 2647 μέντοι
371 2569 558 2651 γένεός
582 2598 652 2651 γε
673 2575 774 2631 τοῦ
811 2571 1123 2648 βασιληίου
1162 2570 1279 2630 ἐών·
1323 2571 1448 2633 νέας
1474 2569 1533 2628 δὲ
1557 2575 1757 2649 πολλῷ

145 2661 431 2723 πλείστας
453 2685 517 2718 τε
543 2661 635 2719 καὶ
662 2658 867 2737 ἄριστα
902 2658 1203 2722 πλωούσας
1229 2660 1563 2737 παρείχοντο
1588 2657 1753 2736 Ἀθη*

145 2751 318 2808 ναῖοι.
376 2746 816 2824 Ἑστρατεύοντο
840 2748 903 2807 δὲ
930 2747 1063 2806 οἵδε·
1093 2751 1152 2806 ἐκ
1169 2749 1272 2823 μὲν
1294 2746 1752 2823 Πελοποννήσου,
1770 2747 1846 2805 43

144 2834 585 2913 Λακεδαιμόνιοι
600 2837 884 2896 ἑκκαίδεκα
898 2839 1034 2912 νῆας
1054 2834 1441 2914 παρεχόμενοι·
1464 2836 1755 2912 Κορίνθιοι

143 2923 209 2985 δὲ
244 2923 316 2984 τό
356 2921 493 2984 αὗτό
520 2924 800 3002 πλήρωμα
835 2923 1209 3002 παρεχόμενοι
1234 2923 1301 2983 τό
1339 2924 1432 2983 καὶ
1459 2922 1541 2982 ἐπ’
1566 2921 1753 2995 Ἀρτε-

260 3013 346 3090 ίω·
390 3011 676 3075 Σικυώνιοι
712 3013 772 3071 δὲ
808 3012 1197 3072 πεντεκαίδεκα
1231 3034 1563 3088 παρειχοντο
1599 3008 1752 3078 νῆας·

142 3071 504 3176 Ἐπιδαύριοι
530 3101 588 3159 δὲ
617 3100 764 3160 δέκα·
805 3100 1116 3178 Τροιζήνιοι
1141 3100 1201 3158 δὲ
1226 3101 1407 3158 πέντε·
1439 3090 1753 3169 Ερμιῡνέές

144 3188 210 3248 δὲ
234 3190 407 3265 τρεῖς·
449 3187 628 3252 ἐόντες
652 3213 824 3259 ουτοι,
851 3186 1005 3263 πλην
1038 3186 1387 3265 Ἑρμιονέων,
1416 3175 1666 3254 Δωρικόν
1687 3199 1753 3235 τε

1939 3310 2063 3384 A
