2100 3409
144 91 406 156 99-102]
524 109 538 123 .
831 92 1136 144 οΤΡΑΝῙΑ.
1652 98 1746 147 259

143 172 198 233 δ’
234 171 347 249 ἄρα
378 196 469 233 τοι
495 170 879 249 βεβούλευται
914 172 1082 234 αύτόν
1107 172 1492 236 ἀπελαύνοντα
1516 172 1752 256 ἀπάγειν

98 265 103 270 ’
144 260 258 336 τήν
289 259 580 338 στρατιήν,
617 258 803 336 ἄλλην
834 262 943 339 ἔχω
976 262 1070 320 καὶ
1104 267 1164 320 ἐκ
1201 262 1371 324 τῶνδε
1394 263 1633 340 βουλήν·
1676 264 1751 323 σύ

146 349 404 425 Πέρσας,
419 349 688 422 βασιλεῦ,
715 348 796 425 μή
822 349 1068 428 ποιήσῃς
1088 350 1541 431 καταγελάστους
1565 352 1752 432 γενέσ-

146 437 248 497 θαι
264 434 542 512 Ἕλλησι·
584 433 742 496 σῦδέν
764 435 874 517 γὰρ
902 442 961 498 ἐν
984 442 1139 499 τοῖσι
1164 439 1432 518 Πέρσῃσι
1458 437 1755 515 δεδήληται

142 528 262 585 τῶν
302 522 660 604 πρηγμάτων,
699 523 824 583 ούδὲ
866 529 1006 603 ε’ρεῖς
1049 526 1181 586 ὅκου
1223 526 1524 608 ἐγενόμεθα
1564 525 1755 605 ἄνδρες

146 615 334 672 κακοί·
386 616 435 671 εἰ
469 612 529 671 δὲ
565 613 814 678 Φοίνικές
838 639 901 674 τε
929 615 1020 673 καὶ
1046 615 1344 696 Αἰγύπτιοι
1380 617 1473 674 καὶ
1509 615 1762 694 Κύπριοί

142 727 214 760 τε
250 701 346 760 καὶ
383 700 615 765 Κίλικες
650 703 810 761 κακοὶ
841 703 1112 784 ἐγένοντο,
1154 701 1310 763 οὐδὲν
1350 703 1490 781 πρὸς
1523 705 1755 782 Πέρσας

144 794 319 849 τοῦτο
339 788 617 865 προσήκει
635 788 701 849 τὰ
727 789 924 853 πάθος.
982 789 1091 867 ἤδη
1112 788 1201 861 ὧν,
1223 790 1412 868 ἐπειδὴ
1440 790 1505 851 οὗ
1532 793 1756 869 Πέρσαι

145 902 239 935 τοι
267 877 441 936 αἴτιοί
463 880 588 947 εἶσι,
618 877 741 953 ἐμοὶ
761 878 971 939 πείθεο·
1006 880 1059 938 εἴ
1079 904 1168 938 τοι
1194 878 1445 939 δέδοκται
1470 878 1551 956 μή
1577 905 1753 957 παρα-

146 965 353 1041 μένειν,
397 963 472 1023 σι)
506 967 610 1041 μὲν
650 969 708 1028 ’ἐς
754 963 893 1041 ἤθεα
939 965 1009 1027 τὰ
1050 971 1298 1027 σεωυτοῦ
1338 966 1615 1027 ἀπέλαυνε
1656 971 1757 1043 τῆς

148 1057 422 1130 στρατιῆς
464 1052 692 1134 ἀπάγων
728 1054 795 1114 vd
836 1054 1078 1115 πολλόν·
1130 1058 1226 1131 ἐμὲ
1267 1055 1329 1114 δέ
1363 1080 1459 1114 σοι
1498 1055 1609 1134 χρὴ
1651 1055 1754 1131 τήν

147 1139 407 1200 Ἑλλάδα
434 1145 752 1221 παρασχεῖν
784 1142 1212 1217 δεδουλωμένην,
1241 1142 1538 1218 τριήκοντα
1560 1141 1752 1219 μυριά-

145 1228 249 1293 δας
277 1233 381 1289 τοῦ
419 1234 664 1306 στρατοῦ
697 1228 1167 1306 άπολέάμενον.”
1248 1232 1435 1289 Ταῦτα
1471 1228 1715 1292 ἀκούσας
1735 1230 1845 1289 101

146 1318 366 1394 Ξέρξης
404 1317 475 1380 ὥς
502 1323 561 1377 ἐκ
589 1322 768 1379 κακῶν
796 1317 969 1398 ἐχάρη
1005 1343 1068 1377 τε
1096 1317 1190 1376 καὶ
1215 1315 1385 1393 ἥσθη·
1429 1316 1569 1394 πρός
1594 1322 1755 1393 Μαρ-

146 1404 339 1465 δόνιόν
362 1431 443 1475 τε,
472 1406 928 1483 βουλευσάμενος
967 1406 1079 1483 ἔφη
1116 1403 1539 1482 ἀποκρινεῖσθαι
1571 1403 1756 1466 ὁκότε-

140 1518 249 1570 ρον
273 1493 506 1568 ποιήσει
531 1494 755 1554 τούτων·
800 1494 869 1557 ὥς
894 1495 952 1553 δὲ
981 1493 1314 1569 ἐβουλεύετο
1344 1492 1461 1571 ἅμα
1489 1495 1757 1572 Περσέων

143 1585 303 1640 τοῖσι
341 1581 713 1657 ἐπικλήτοισι,
742 1582 895 1651 ἔδοξέ
927 1583 980 1639 οἱ
1018 1582 1112 1639 καὶ
1144 1579 1505 1658 Ἀρτεμισίην
1534 1586 1589 1644 ἐς
1614 1608 1756 1658 συμ-

140 1670 398 1744 βουλίην
449 1669 936 1748 μεταπέμψασθαι,
1010 1667 1099 1728 ὅτι
1154 1669 1425 1744 πρότερον
1495 1670 1755 1743 ἐφαίνετο

140 1755 331 1833 μούνη
381 1757 619 1817 νοέουσα
663 1756 734 1816 τὰ
780 1758 1013 1833 ποιητέα
1066 1753 1154 1832 ἦν·
1214 1754 1285 1818 ὥς
1332 1755 1390 1816 δὲ
1439 1754 1667 1815 α’,πίκετο
1719 1755 1759 1832 ἦ

141 1844 500 1922 Ἀρτεμισίη,
543 1844 1040 1922 μεταστησάμενος
1078 1841 1208 1907 τούς
1247 1841 1474 1913 ἄλλους,
1520 1842 1649 1905 τούς
1694 1869 1757 1902 τε

140 1931 521 2010 συμβούλους
566 1934 830 2010 Περσέων
883 1933 974 1991 καὶ
1024 1932 1154 1995 τοῦς
1196 1929 1554 2009 δορυφόρους,
1604 1931 1757 1999 ἔλεξε

142 2021 366 2098 Ξέρξης
383 2021 535 2080 τάδε·
565 2031 599 2056 “
618 2020 827 2080 κελεύει
846 2023 918 2098 μὲ
940 2020 1270 2096 Μαρδόνιος,
1301 2019 1540 2097 μένοντα
1567 2015 1757 2087 αυτοῦ,

141 2110 457 2187 πειρᾶσθαι
483 2113 583 2186 τῆς
603 2108 1069 2185 Πελοποννήσου·
1104 2109 1284 2191 λέγων
1312 2107 1382 2170 ὥς
1406 2132 1505 2184 μοι
1538 2107 1758 2183 Πέρσαι

142 2224 210 2258 τε
258 2196 355 2256 καὶ
397 2197 428 2256 ὁ
469 2197 637 2268 πεζός
678 2195 919 2275 στρατὸς
969 2195 1187 2260 ούδενὸς
1229 2197 1501 2274 μεταίτιοι
1547 2193 1755 2257 πάθεός

145 2290 281 2355 εἶσι,
329 2281 481 2348 ἀλλὰ
523 2286 934 2362 βουλομένοισί
975 2292 1089 2361 σφι
1123 2283 1324 2365 γένοιτ’
1370 2283 1438 2345 ἂν
1480 2282 1757 2353 ἀπόδεξις.

110 2429 117 2435 .
146 2377 249 2450 ἐμὲ
278 2371 355 2432 ὦν
379 2371 417 2448 ἢ
443 2378 617 2449 ταῦτα
657 2373 871 2447 κελεύει,
893 2374 1116 2443 ποιέειν,
1143 2371 1181 2449 ἢ
1209 2372 1376 2436 αὐτὸς
1401 2373 1580 2432 ἐθέλει
1605 2369 1754 2448 τριή-

146 2487 326 2520 κοντα
365 2462 633 2539 μυριάδας
675 2460 1091 2538 ἀπολεξάμενος
1135 2464 1236 2521 τοῧ
1284 2465 1529 2536 στρατοῦ
1576 2485 1751 2537 παρα-

144 2553 319 2628 σχεῖν
350 2575 449 2625 μοι
483 2548 585 2625 τήν
618 2548 872 2608 Ἐλλάδα
914 2548 1344 2625 δεδουλωμένην·
1387 2546 1555 2606 αύτόν
1586 2546 1649 2606 δέ
1681 2572 1754 2623 με

146 2635 368 2696 κελεύει
395 2636 723 2697 ἀπελαύνειν
749 2635 857 2695 σῦν
883 2640 960 2716 τῷ
984 2640 1166 2713 λοιπῷ
1193 2639 1417 2713 στρατῷ
1443 2639 1498 2697 ἐς
1523 2632 1661 2709 ἤθεα
1685 2632 1758 2694 τσῖ

145 2725 278 2802 ἐμά.
365 2724 440 2784 σε)
480 2723 554 2784 ὧν
586 2725 726 2802 ἐμοὶ,
765 2723 856 2783 καὶ
889 2723 1002 2805 γάρ
1033 2724 1162 2801 περὶ
1203 2727 1303 2797 τῆς
1345 2721 1653 2801 ναυμαχίης
1697 2720 1757 2781 εὗ

144 2812 612 2890 συνεβούλευσας
641 2817 743 2888 τῆς
782 2812 1081 2893 γενομένης
1122 2809 1222 2871 οὐκ
1265 2816 1415 2870 ε’ὣσα
1446 2810 1757 2879 ποιέεσθαι,

142 2905 249 2962 νῦν
287 2927 352 2963 τε
399 2900 838 2978 συμβούλευσον
883 2899 1116 2977 ὁκότερα
1161 2900 1362 2959 ποιέων
1411 2897 1650 2975 ἐπιτύχω
1699 2894 1758 2954 εῧ

141 2987 664 3067 βουλευσάμενοςΫ
730 2987 801 3048 O
827 3013 931 3064 μεν
962 2991 1139 3046 ταῦτα
1177 2985 1637 3063 συνεβουλεύετο·
1679 3008 1716 3056 η
1702 2982 1852 3041 ‘102

142 3077 210 3136 δὲ
252 3081 410 3157 λέγει
451 3077 600 3136 τάδε·
660 3085 695 3112 “
710 3077 977 3151 βασιλεῦ,
1020 3072 1276 3151 χαλεπόν
1306 3074 1410 3150 μέν
1452 3077 1575 3129 ἐστι
1616 3093 1757 3142 συμ-

140 3165 546 3243 βουλευομένῳ
581 3166 771 3241 τυχεῖν
804 3189 875 3222 τα
908 3159 1113 3238 ἄριστα
1146 3161 1402 3219 εἴπασαν·
1446 3158 1537 3216 ἐπὶ
1568 3155 1757 3231 μέντοι

138 3256 308 3315 τοῖσι
345 3250 652 3325 κατήκουσι
683 3248 999 3331 πρήγμασι,
1026 3247 1203 3307 δοκέει
1237 3272 1338 3324 μοι
1364 3242 1532 3304 αύτὸν
1558 3242 1661 3318 μέν
1687 3265 1757 3300 σε
