2100 3409
288 30 384 78 235
893 22 1264 96 ‘1³1³vowa
1899 68 1914 81 .

293 111 387 170 καὶ
414 108 708 170 Μακεδνὸν
744 108 912 177 ἔθνος,
952 109 1013 177 ἐξ
1043 107 1293 185 Ἐρινεοῦ
1327 132 1391 166 τε
1428 108 1520 166 καὶ
1554 109 1774 169 Πίνδου
1810 113 1920 170 καὶ

287 202 390 275 τῆς
423 198 733 275 Δρυοπίδος
762 195 981 255 νὕστατα
1016 196 1366 271 ὁρμηθέντες·
1410 199 1463 255 οἱ
1491 196 1550 273 δέ
1573 196 1923 273 Ἑρμιονέες

292 288 403 346 εἶσὶ
429 284 695 363 Δρύοπες,
722 282 833 343 akra
857 283 1170 361 Ἡρακλέος
1193 308 1257 342 τε
1283 284 1374 342 καὶ
1411 285 1677 360 Μηλιέων
1703 290 1770 344 ἐκ
1802 291 1924 363 τῆς

292 380 389 435 νῦν
416 374 660 451 Δωρίδος
687 373 1023 449 καλεομένης
1048 370 1233 451 χώρης
1259 371 1669 440 ἐξαναστάντες.
1735 371 1923 434 οὗτοι

199 464 279 523 44
292 464 395 540 μέν
433 486 530 522 νυν
578 461 1054 535 Πελοποννησίων
1100 457 1518 536 ἐστρατεύοντο.
1601 464 1677 520 Οἱ
1722 461 1795 520 δὲ
1853 468 1925 521 ἐκ

294 557 394 626 τῆς
421 550 521 619 ἔξω
568 547 820 626 ἠπείρου·
858 547 1148 624 Ἀθηναῖοι
1194 549 1313 625 μὲν,
1349 547 1493 624 πρὸς
1523 548 1734 612 πάντας
1770 552 1926 614 τούς

295 638 505 700 ἄλλους
557 636 930 715 παρεχόμενοι
973 639 1110 712 νῆας
1163 634 1478 717 ὀγδώκοντα
1531 637 1621 695 καὶ
1677 639 1915 714 εκατόν,

296 730 509 802 μοῦνοι·
552 731 610 785 ἐν
637 726 915 801 Σαλαμῖνι
949 750 1061 805 γαρ
1099 723 1163 783 οὖ
1201 724 1704 802 συνεναυμάχησαν
1730 730 1920 786 Πλα-

296 814 472 877 ταιέες
502 813 868 889 Ἀθηναίοισι,
907 811 998 871 διὰ
1031 811 1246 871 τοιόνδε
1283 815 1535 890 πρῆγμα·
1590 810 1922 874 ἀπαλλασ-

298 903 550 977 σομένων
601 904 711 960 τῶν
761 899 1053 975 Ἑλλήνων
1092 898 1204 958 ‹in-6
1251 903 1351 957 τοῦ
1397 897 1783 975 Ἀρτεμισίου,
1843 901 1924 965 ὥς

301 990 546 1069 ἐγίνοντο
581 987 718 1047 κατὰ
753 987 1026 1055 Χαλκίδα,
1066 990 1119 1045 οἱ
1154 986 1465 1049 Πλαταιέες
1494 986 1831 1063 ἀποβάντες
1862 995 1923 1053 ἐς

299 1076 403 1152 τήν
444 1076 677 1153 περαίην
721 1080 822 1152 τῆς
875 1076 1140 1149 Βοιωτίης
1184 1073 1368 1152 χώρης
1412 1072 1552 1150 πρὸς
1599 1076 1925 1152 ἐκκομιδὴν

302 1164 605 1243 ἐτράποντο
657 1168 767 1224 τῶν
819 1163 1085 1222 οἰκετέων.
1169 1160 1321 1221 οὗτοι
1372 1163 1478 1237 μέν
1527 1188 1621 1221 νυν
1667 1162 1926 1227 τούτους

300 1253 568 1324 σώζοντες
593 1252 959 1327 ἐλείφθησαν.
1011 1249 1299 1326 Ἀθηναῖοι
1324 1250 1399 1322 δὲ,
1430 1250 1520 1308 ἐπὶ
1537 1252 1642 1325 μὲν
1663 1256 1922 1313 Πελασ-

299 1346 415 1421 γῶν
467 1339 703 1417 ἐχόντων
753 1340 856 1414 τὴν
900 1342 998 1397 νῦν
1040 1337 1293 1398 Ἑλλάδα
1347 1338 1703 1414 καλεομένην,
1750 1338 1926 1415 ἦσαν

301 1427 599 1505 Πελασγοὶ
626 1425 1057 1501 οὗνομαζόμενοι
1088 1427 1358 1501 Κραναοί·
1401 1426 1491 1485 ἐπὶ
1517 1425 1576 1483 δὲ
1602 1426 1927 1502 Κέκροπος

300 1514 577 1589 βασιλέος
613 1513 1003 1588 ἐπεκλήθησαν
1040 1514 1401 1591 Κεκροπίδαι·
1442 1513 1822 1597 ἐκδεξαμένων
1860 1518 1927 1577 δὲ

299 1599 591 1679 Ἐρεχθέος
635 1601 739 1675 τὴν
780 1600 974 1679 ἀρχὴν,
1017 1601 1306 1677 Ἀθηναῖοι
1356 1600 1925 1679 μετωνομάσθησαν·

291 1686 482 1752 Ἴωνος
521 1689 582 1748 δὲ
619 1692 721 1748 τοῦ
755 1688 973 1750 Ξούθου
1011 1689 1384 1768 στρατάρχεω·
1400 1689 1699 1770 γενομένου
1727 1689 1926 1770 Ἀθη-

207 1777 285 1836 45
302 1777 523 1847 ναίοισι,
552 1776 933 1852 ἐκλήθησαν’
899 1776 1010 1835 art-6
1036 1776 1237 1837 τούτου
1253 1775 1455 1840 Ἴωνες.
1522 1779 1833 1856 Μεγαρέες
1862 1783 1928 1842 δὲ

301 1860 476 1925 τώυτὸ
513 1862 791 1942 πλήρωμα
825 1864 1160 1944 παρείχοντο
1191 1864 1258 1924 τό
1297 1866 1388 1924 καὶ
1425 1863 1506 1924 ἐπ’
1537 1863 1925 1951 Ἀρτεμισίω·

306 1950 721 2030 Ἀμπρακιῶται
763 1952 822 2010 δὲ
868 1952 1006 2011 ἐπτοὶ
1058 1953 1182 2015 νέας
1235 1954 1453 2031 ἔχοντες
1503 1930 1927 2029 ἐπεβώθησαν·

304 2040 596 2099 Λευκάδιοι
630 2039 689 2097 δὲ
713 2043 879 2116 τρεῖς·
922 2041 1134 2103 ἔθνος’
1109 2041 1285 2103 εόντες
1323 2066 1475 2100 ουτοι
1502 2039 1766 2116 Δωρικὸν
1802 2043 1927 2107 ἀπο

211 2129 286 2187 46
307 2129 603 2203 Κορίνθου.
659 2128 997 2203 Νησιωτέων
1022 2128 1098 2198 δὲ,
1120 2132 1412 2208 Αἰγινῆται
1436 2127 1741 2205 τριήκοντα
1772 2157 1930 2211 παρ·

305 2215 540 2292 είχοντο.
620 2213 770 2289 ἦσαν
807 2216 912 2292 μέν
950 2222 1063 2291 σφι
1111 2217 1203 2274 καὶ
1250 2215 1425 2275 ἄλλαι
1468 2220 1931 2294 πεπληρωμέναι

305 2302 440 2363 νέες·
487 2300 640 2359 ἀλλὰ
679 2305 816 2379 τῇσι
849 2305 953 2378 μὲν
985 2304 1090 2378 τήν
1124 2307 1333 2363 ἑωυτῶν
1362 2302 1720 2380 ἐφύλασσον,
1760 2310 1931 2387 τριή-

308 2413 476 2448 κοντα
502 2388 562 2447 δὲ
585 2391 720 2467 τῇσι
747 2387 950 2466 ἄριστα
981 2390 1318 2470 πλωούσῃσι
1347 2397 1404 2450 ἐν
1431 2392 1716 2466 Σαλαμῖνι
1761 2399 1931 2458 ἐναυ-

304 2474 589 2554 μάχησαν.
638 2480 929 2558 Αἰγινῆται
949 2478 1012 2537 δέ
1029 2484 1140 2539 εἰσι
1158 2479 1394 2555 Δωριέες
1412 2477 1523 2538 <ivd
1541 2477 1931 2560 Ἐπιδαύρου·

303 2567 376 2642 τῇ
411 2564 471 2622 δὲ
505 2563 658 2644 νήσῳ
689 2563 962 2642 πρότερον
995 2565 1207 2644 οὕνομα
1238 2565 1308 2641 ἦν
1346 2565 1574 2640 Οἰνώνη.
1662 2570 1832 2642 μετ-ἆ
1871 2575 1936 2634 δὲ

305 2651 618 2730 Αἰγινήτας,
677 2652 981 2716 Χαλκιδέες
1030 2654 1131 2717 τοὶς
1184 2654 1267 2714 ἐπ’
1319 2652 1658 2733 Ἀρτεμισίῳ
1730 2659 1935 2723 εἴκοσι

303 2738 674 2817 παρεχόμενοι
702 2739 791 2797 καὶ
808 2738 1113 2818 Ἐρετριέες
1135 2742 1236 2805 τοὶς
1261 2741 1418 2802 ἑπτά·
1460 2737 1609 2801 οὗτοι
1640 2742 1707 2800 δὲ
1723 2741 1938 2817 ''In-w&

306 2829 435 2885 εἰσι.
516 2848 658 2901 μετα
689 2825 765 2895 δὲ,
795 2830 956 2887 Κεῖοι
985 2829 1087 2892 τοὶς
1122 2856 1292 2893 αυτας
1321 2828 1720 2909 παρεχόμενοι,
1763 2835 1938 2906 ἔθνος

305 2913 397 2976 ε’ὁν
424 2910 668 2972 Ἰωνικὸν
699 2911 812 2973 ἆπὸ
843 2912 1139 2992 Ἀθηνέων.
1222 2917 1426 2988 Νάξιοι
1466 2918 1525 2976 δὲ
1563 2919 1940 3024 παρείχοντο

303 3003 593 3078 τέσσερας,
620 2998 1081 3077 ἀποπεμφθέντες
1118 3007 1222 3082 μὲν
1262 3010 1317 3068 ἐς
1354 3032 1483 3068 τους
1505 3002 1775 3093 Μήδους
1819 3012 1940 3079 ²526

301 3094 410 3150 τῶν
429 3087 740 3163 πολιητέων
760 3087 1003 3167 κατάπερ
1020 3089 1201 3151 ωλλοι
1215 3118 1498 3168 νησιωται,
1505 3070 1942 3173 αλογῆσανης

304 3176 364 3234 δὲ
396 3182 506 3236 τῶν
543 3174 809 3236 ἐντολεων
838 3172 1079 3238 α’πίκατο
1114 3185 1168 3242 ἐς
1202 3180 1333 3243 τούς
1359 3181 1670 3257 Ἕλληνας,
1718 3189 1942 3267 Δημο-
