2100 3409
332 28 429 76 292
949 23 1314 72 ἩΡοΔοτοτ
1799 23 1964 90 ΠΧ..

337 109 440 183 μὲν
472 111 527 169 ἐς
559 101 780 182 ἅμαξαν
815 101 1071 164 ἐσθέντες
1100 101 1200 161 τᾶν
1236 101 1429 179 νεκρόν
1464 101 1619 180 παρὰ
1651 101 1754 167 τοὶς
1782 106 1950 176 τάξις

336 193 605 270 ἐκόμιζον·
650 191 682 251 ὁ
708 191 769 250 δὲ
794 188 984 265 νεκρός
1002 187 1073 263 ἦν
1102 189 1231 264 θέης
1255 189 1425 259 ἄξιος,
1451 190 1726 270 μεγάθεος
1753 194 1951 253 εἵνεκα

336 281 427 339 καὶ
454 280 711 342 κάλλεος·
751 283 861 337 τῶν
886 277 944 335 δὲ
972 277 1154 336 εἵνεκα
1182 277 1273 334 καὶ
1298 281 1474 337 ταῦτα
1496 278 1732 339 ἐποίευν·
1762 284 1950 341 ἐκλεί-

334 394 533 432 ποντες
570 368 669 430 τὰς
713 366 868 436 τάξις
914 364 1169 440 ἐφοίτεον
1212 364 1546 442 θεησόμενοι
1585 369 1948 429 Μασίστιον·

334 456 477 532 μετσῖ
518 456 595 526 δὲ,
640 454 794 524 ἔδοξέ
834 460 947 529 σφι
989 454 1399 529 ἐπικαταβῆναι
1441 458 1496 515 ἐς
1535 456 1860 520 Πλαταιάς·
1913 452 1948 517 ὅ

335 544 445 623 γὰρ
480 547 660 622 χῶρος
696 541 954 617 ἐφαίνετο
989 544 1190 618 πολλῷ
1225 540 1325 598 ἐῶν
1362 541 1795 619 ἐπιτηδειότερός
1835 552 1950 622 σφι

339 629 941 708 ἐνστρατοπεδεύεσθαι
981 628 1015 688 ὁ
1057 627 1401 691 Πλαταιῖκὸς
1447 632 1548 687 τοῦ
1586 627 1949 706 Ἐρυθραίου,

336 719 409 778 τά
431 745 493 779 τε
520 717 690 789 ἅλλα,
713 718 804 777 καὶ
832 715 1200 794 εὖῦδρότερος·
1229 720 1285 779 ἐς
1309 719 1509 776 τοῦτον
1528 716 1597 792 δή
1615 717 1719 778 τᾶν
1736 723 1948 797 χῶρον,

340 808 432 865 καὶ
468 808 559 866 ἐπὶ
598 806 703 883 τήν
735 805 939 884 κρήνην
973 804 1077 880 τήν
1104 805 1434 885 Γαργαφίην
1459 804 1563 880 τήν
1591 810 1650 863 ἐν
1677 811 1758 885 τῷ
1785 808 1954 887 χώρῳ

337 894 513 973 τούτῳ
542 898 762 964 ἐοῦσαν,
793 893 946 977 ἔδοξέ
980 898 1094 968 σφι
1117 892 1285 971 χρεόν
1323 891 1461 952 εἶναι
1487 891 1821 968 ἆπικεσθαι,
1863 898 1954 955 καὶ

340 981 734 1061 διαταχθέντας
770 980 1334 1057 στρατοπεδεύεσθαι·
1376 978 1769 1055 ἀναλαβόντες
1801 983 1867 1042 δὲ
1884 985 1954 1043 τὰ

339 1066 510 1139 ὅπλα,
537 1068 710 1145 ἤϊσαν
736 1068 827 1128 διὰ
851 1072 953 1144 τῆς
976 1068 1247 1144 ὖπωρείης
1279 1071 1380 1128 τοῦ
1408 1069 1761 1145 Κιθαιρῶνος
1796 1072 1956 1148 παρὰ

337 1155 535 1221 Ὕσιοῖς
571 1163 627 1222 ἐς
658 1156 762 1233 τήν
800 1157 1120 1216 Πλαταιΐδα
1153 1159 1276 1236 γῆν,
1313 1154 1641 1232 ἀπικόμενοι
1677 1156 1740 1216 δὲ
1787 1158 1956 1220 ἐτάσ-

341 1270 513 1307 σοντο
535 1245 675 1306 κατ-οἶ
703 1247 860 1307 ἔθνεα
885 1244 1137 1321 πλησίον
1155 1248 1256 1318 τῆς
1280 1269 1340 1302 τε
1369 1243 1569 1321 κρήνης
1593 1248 1698 1319 τῆς
1724 1251 1959 1329 Γαργα-

343 1334 477 1409 φίης
503 1335 597 1393 καὶ
619 1337 720 1393 τοῦ
753 1340 1009 1409 τεμένεος
1037 1336 1139 1392 τοῦ
1163 1330 1591 1408 Ἀνδροκράτεος
1614 1336 1722 1391 τοῦ
1749 1333 1960 1412 ἥρωος,

349 1419 439 1478 διδ.
464 1420 647 1498 ὄχθων
671 1446 733 1479 τε
761 1418 860 1478 οὐκ
885 1419 1120 1497 ὑψηλῶν
1147 1420 1240 1478 καὶ
1266 1418 1472 1478 ἀπέδου
1496 1421 1724 1497 χωρίου.

248 1508 324 1565 26
422 1506 699 1566 Ἐνθαῦτα
741 1511 800 1566 ἐν
832 1511 913 1587 τῇ
957 1507 1172 1576 διατάξι
1225 1508 1439 1587 ἐγένετο
1481 1507 1669 1587 λόγων
1723 1511 1962 1576 πολλὰς

349 1591 595 1671 ὥθισμός
621 1595 933 1675 Τεγεητέων
957 1620 1019 1654 τε
1055 1596 1146 1653 καὶ
1171 1594 1493 1670 Ἀθηναίων·
1537 1595 1822 1657 ἐδικαίευν
1850 1599 1961 1680 γὰρ

344 1681 501 1742 αὑτοὶ
537 1681 783 1761 ἑκάτεροι
820 1684 964 1762 ἔχειν
993 1681 1061 1741 τὸ
1099 1682 1284 1760 ἕτερον
1321 1683 1497 1759 κέρας,
1526 1683 1617 1741 καὶ
1652 1684 1830 1744 καινιὶ
1872 1688 1964 1746 καὶ

343 1771 559 1829 παλαιοὶ
584 1770 1002 1847 παραφέροντες
1037 1770 1191 1849 ἔργα.
1272 1774 1438 1853 τοῦτο
1463 1772 1568 1846 μὲν
1593 1774 1650 1829 οἱ
1675 1777 1965 1851 Τεγεῆται

344 1859 539 1938 ἔλεγον
564 1857 714 1918 τάδε·
757 1868 793 1893 “
808 1857 967 1933 ἡμεῖς
993 1858 1105 1916 αἰεί
1128 1883 1256 1917 κοτε
1291 1855 1589 1934 ἀξιεύμεθα
1612 1858 1840 1935 ταύτης
1865 1866 1966 1938 τῆς

341 1944 526 2014 τάξιος
563 1952 623 2006 ἐκ
657 1949 767 2006 τῶν
803 1945 1115 2023 συμμάχων
1153 1944 1423 2015 ἁπάντων,
1459 1943 1593 2004 ὅσαι
1619 1945 1728 2021 ἤδη
1776 1949 1964 2018 ἔξοδοι

344 2035 520 2094 κοιναὶ
542 2034 793 2115 ἐγένοντο
821 2033 1341 2108 Πελοποννησίοισι
1369 2033 1459 2091 καὶ
1484 2033 1551 2093 τὸ
1579 2036 1849 2097 παλαιὰν
1874 2037 1964 2096 καὶ

341 2121 409 2179 τὸ
445 2121 582 2193 νέον,
614 2121 675 2189 ἐξ
711 2122 917 2180 ἐκείνου
951 2124 1052 2179 τοῦ
1088 2119 1292 2198 χρόνου
1328 2121 1452 2179 ἐπεί
1483 2146 1545 2180 τε
1578 2120 1965 2198 Ἡρακλεῖδαι

345 2211 635 2281 ἐπειρῶντο
672 2233 814 2282 μετα
848 2207 949 2267 τόν
975 2206 1295 2284 Ευρυσθέος
1323 2206 1561 2268 θάνατον
1583 2208 1885 2275 κατιόντες
1912 2217 1965 2276 ἐς

343 2291 799 2367 Πελοπόννησον.
883 2294 1015 2354 τότε
1052 2294 1326 2371 εὑρόμεθα
1363 2299 1529 2354 τοῦτο
1570 2294 1664 2354 δια
1703 2303 1964 2408 πρῆγμα

342 2376 574 2438 τοιόνδε·
634 2380 752 2438 ἐπεὶ
793 2406 936 2458 μετα
976 2381 1222 2461 Ἀχαιῶν
1267 2382 1359 2442 καὶ
1399 2381 1598 2449 Ἰωνων
1649 2408 1771 2465 των
1832 2386 1962 2447 τότε

343 2463 539 2526 ἐόντων
566 2472 624 2527 ἐν
653 2467 1091 2548 Πελοποννήσῳ,
1120 2471 1619 2546 ἐκβοηθήσαντες’
1595 2497 1651 2534 ες
1678 2497 1790 2532 τον
1810 2472 1964 2534 Ἰσθ-

342 2578 452 2629 μον
484 2553 713 2632 ἱζόμεθα
753 2555 927 2616 αντίοι
970 2558 1123 2616 τοῖσι
1170 2561 1444 2616 κατιοῦσι·
1486 2557 1615 2617 τότε
1658 2557 1734 2618 ὦν
1783 2561 1964 2643 λόγος

336 2640 551 2702 ’Υλλον
562 2642 1013 2724 ρῖγορεύσασθαι,
1044 2642 1116 2705 ὦς
1138 2644 1307 2722 χρεὸν
1333 2646 1422 2719 εἴη·
1442 2644 1543 2703 τὸν
1568 2647 1675 2720 μὲν
1702 2648 1965 2725 στρατόν

341 2733 418 2805 τῷ
455 2734 677 2807 στρατῷ
712 2731 791 2806 μή
826 2730 1257 2790 ἀνακινδυνεύειν
1298 2731 1742 2808 συμβάλλοντα·
1802 2740 1870 2794 ἐκ
1907 2735 1966 2795 δὶ

346 2820 445 2873 τοῦ
466 2819 927 2892 Πελοποννησίου
945 2817 1345 2892 στρατοπέδου,
1352 2819 1452 2878 τόν
1468 2816 1536 2878 ἂν
1553 2820 1755 2894 σφέων
1775 2821 1964 2883 αὐτῶν

345 2901 568 2977 κρίνωσι
603 2902 738 2961 εἶναι
775 2902 1008 2979 ἄριστον
1047 2903 1248 2964 τοῦτόν
1298 2907 1352 2964 οἱ
1387 2911 1846 2985 μουνομαχῆσαι
1875 2908 1966 2968 ἐπὶ

344 2987 755 3064 διακειμένοισι.
788 2989 943 3058 ἔδοξέ
956 3014 1020 3048 τε
1037 2994 1193 3050 τοῖσι
1222 2993 1750 3067 Πελοποννησίοισι
1781 2999 1968 3054 ταῦτα.

345 3073 483 3132 εἶναι
509 3077 756 3150 ποιητέα,
787 3076 878 3133 καὶ
904 3076 1109 3152 ἔταμον
1133 3077 1294 3154 ὅρκια
1322 3079 1413 3137 ἐπὶ
1439 3077 1594 3158 λόγῳ
1619 3080 1852 3158 τοιιῖιδε·
1899 3079 1970 3157 ἦν

349 3161 445 3235 μὲν
487 3160 701 3223 ’Υλλος
756 3160 957 3238 νικήσῃ
1008 3163 1107 3222 τὸν
1148 3167 1625 3242 Πελοποννησίων
1678 3166 1976 3247 ἦγεμόμι,

1893 3384 2000 3387 .--,
2043 3364 2071 3387 -Ι
