2100 3409
329 63 423 113 182
933 58 1302 123 ἭΡοᾼοτοϊ
1781 59 1938 125 [vn.

231 147 347 206 153
441 142 539 206 Ἐς
572 139 633 202 δὲ
661 138 766 216 τὴν
804 138 1068 214 Σικελίην
1108 138 1282 197 ἄλλοι
1309 161 1372 197 τε
1412 133 1653 197 α’πίκατο
1693 137 1937 219 ἄγγελοι

325 231 437 292 οἷπό
469 235 578 290 τῶν
605 226 918 305 συμμάχων
944 226 1317 302 συμμίξοντες
1352 225 1580 293 Γέλωνι,
1612 226 1704 283 καὶ
1740 226 1815 301 δή
1844 228 1934 285 καὶ

323 319 436 379 α’πό
467 323 576 378 τῶν
610 315 1060 391 Λακεδαιμονίων
1093 312 1362 393 Σύαγρος.
1443 316 1543 372 τοῦ
1580 313 1640 370 δὲ
1679 313 1931 378 Γέλωνος

322 408 520 469 τούτου
556 403 846 486 πρόγονος,
888 401 1121 479 οἰκήτωρ
1166 401 1267 460 ἐῶν
1304 400 1500 475 Γέλης,
1535 398 1609 475 ἦν
1647 405 1709 460 ἐκ
1749 401 1928 478 νήσου

321 496 510 571 Τήλου
563 495 665 568 τῆς
718 491 809 549 ἐπὶ
863 489 1105 567 Τριοπίῳ
1161 488 1427 564 κειμένης·
1490 486 1552 551 ὃς
1607 490 1926 566 κτιζομένης

322 585 502 657 Γέλης
526 580 636 640 find
657 579 891 638 Λινδίων
907 602 971 637 τε
995 580 1106 636 τῶν
1127 581 1187 635 ἐκ
1213 575 1410 635 Ῥόδου
1438 575 1531 633 καὶ
1555 575 1921 654 Ἀντιφήμου,

323 670 420 728 οῦκ
458 669 711 743 ἐλείφθη·
755 665 861 725 άνοῖ
892 663 1098 745 χρόνον
1132 663 1193 722 δὲ
1229 662 1402 722 αὐτοῦ
1438 666 1493 722 οἱ
1530 661 1810 744 ἀπόγονοι
1840 690 1920 746 γε·

320 756 540 834 νόμενοι
563 754 856 834 ἱροφάνται
882 757 992 812 τῶν
1015 752 1253 830 χθονίων
1275 752 1413 812 θεῶν
1433 750 1713 812 διετέλεον
1728 752 1915 824 ἐόντες,

321 847 565 921 Τηλίνεω
602 844 721 907 ἑνός
756 868 849 903 τευ
885 846 994 901 τῶν
1026 840 1319 921 προγόνων
1354 840 1711 917 κτησαμένου
1739 840 1917 919 τρόπῳ

320 934 526 1011 τοιῷδε·
570 937 624 995 ἐς
662 930 1000 1011 Μακτώριον
1031 928 1203 988 πόλιν
1234 927 1339 1003 τὴν
1377 926 1515 1005 ὑπὲρ
1554 928 1736 1004 Γέλης
1779 932 1913 1004 οἰκη-

319 1021 490 1097 μένην
537 1022 746 1101 ἔφυγον
790 1016 981 1094 ἄνδρες
1035 1014 1285 1085 Γελῶων,
1335 1015 1676 1080 ἑσσωθέντες
1728 1015 1911 1076 στάσι·

318 1106 546 1171 τούτους
573 1107 646 1167 ὦν
670 1105 703 1166 ὁ
730 1106 970 1182 Τηλίνης
998 1102 1279 1183 κατήγαγε
1306 1107 1361 1165 ἐς
1387 1105 1590 1179 Γέλην,
1615 1105 1757 1183 ἔχων
1776 1104 1913 1164 οὐδε-

317 1197 452 1273 μίαν
503 1195 713 1272 άνδρῶν
758 1192 987 1269 δύναμιν
1033 1190 1165 1249 ἀλλ’
1210 1190 1302 1267 ῖραῖ
1347 1190 1554 1250 τούτων
1599 1195 1714 1252 τῶν
1764 1192 1911 1253 θεῶν·

319 1283 447 1344 ὅθεν
487 1284 546 1343 δὲ
592 1281 732 1341 αὐτὰ
772 1283 947 1356 ἔλαβε
987 1277 1024 1355 ἢ
1065 1277 1232 1342 αὐτὸς
1278 1277 1573 1353 ἐκτήσατο,
1615 1283 1784 1339 τοῦτο
1823 1279 1911 1339 οὐκ

320 1372 428 1448 ἔχω
470 1373 657 1429 εἰπεῖν·
712 1368 961 1427 τούτοισι
1001 1366 1047 1424 δ’
1091 1365 1164 1426 ὧν
1204 1366 1437 1429 πίσυνος
1478 1366 1598 1436 ἐῶν,
1641 1367 1910 1448 κατήγαγε

321 1456 407 1517 ἐπ’
448 1455 491 1534 ᾧ
537 1480 599 1514 τε
647 1458 701 1513 οἱ
746 1453 1013 1534 ἀπόγονοι
1061 1453 1231 1514 αὐτοῦ
1280 1452 1578 1531 ἱροφάνται
1624 1458 1735 1515 τῶν
1783 1457 1909 1517 θεῶν

320 1544 560 1603 ἔσονται.
644 1541 803 1619 θῶμά
841 1567 939 1619 μοι
979 1540 1052 1601 ὧν
1094 1542 1186 1601 καὶ
1224 1545 1393 1603 τοῦτο
1431 1542 1631 1623 γέγονε
1669 1543 1812 1622 πρὸς
1843 1546 1909 1604 τὰ

317 1629 666 1708 πυνθάνομαι
693 1629 1150 1711 κατεργάσασθαι
1175 1630 1421 1706 Τηλίνην
1441 1630 1606 1712 ἔργον
1622 1636 1904 1692 τοσοῦτον·

315 1720 387 1781 τοὶ
427 1723 659 1781 τοιαῦτα
699 1718 808 1800 γὰρ
850 1719 985 1798 ἔργα
1026 1717 1092 1776 οὐ
1125 1717 1266 1794 πρὸς
1303 1721 1404 1778 τοῦ
1438 1715 1686 1784 ἅπαντος
1721 1718 1905 1796 α’νδρδς

316 1808 577 1887 νενόμικα
606 1807 883 1888 γίνεσθαι,
908 1804 1065 1864 άλλοὶ
1095 1803 1235 1882 πρδς
1270 1809 1455 1884 ψυχῆς
1482 1832 1546 1865 τε
1582 1805 1795 1888 α’,γαθῆς
1823 1807 1904 1866 καὶ

314 1897 502 1975 ῥώμης
527 1895 802 1974 άνδρηΐης·
834 1892 868 1953 ὁ
895 1893 956 1952 δὲ
980 1894 1207 1974 λέγεται
1231 1893 1372 1969 πρός
1396 1896 1498 1968 τῆς
1526 1894 1783 1970 Σικελίης
1804 1897 1903 1954 τᾶν

316 1983 614 2062 οἰκητόρων
632 1984 704 2045 τοὶ
727 1983 1026 2043 ὕπεναντία
1042 1979 1267 2050 τούτων,
1288 1982 1597 2057 πεφυκέναι
1618 1983 1903 2060 θηλυδρίης

311 2098 375 2133 τε
416 2074 508 2132 καὶ
546 2071 939 2150 μαλακώτερος
979 2068 1139 2145 άνήρ·
1179 2066 1323 2128 οὕτω
1360 2069 1467 2145 μέν
1505 2095 1603 2131 νυν
1642 2070 1901 2146 ἐκτήσατο

224 2162 337 2220 154
355 2165 523 2220 τοῦτο
554 2159 622 2219 τὰ
652 2159 839 2237 γέρας·
880 2156 1207 2233 Κλεάνδρου
1238 2156 1298 2215 δὲ
1329 2159 1429 2216 τοῦ
1471 2156 1793 2236 Παντάρεος
1825 2184 1899 2219 τε·

315 2247 693 2322 λευτήσαντος
735 2243 834 2306 τᾶν
879 2245 1028 2320 βίον,
1078 2244 1141 2308 ὃς
1184 2244 1542 2322 ἐτυράννευσε
1586 2246 1692 2322 μὲν
1738 2246 1900 2322 Γέλης

316 2333 457 2395 ἔπτὰ
484 2334 607 2394 ἔτεα
632 2331 872 2393 α’πέθανε
891 2331 952 2390 δὲ
969 2331 1081 2391 om?
1111 2330 1423 2408 Σαβύλλου
1450 2331 1649 2409 άνδρός
1675 2332 1896 2400 Γελόου,

314 2423 553 2483 ἐνθαῦτα
591 2417 980 2497 ἀναλαμβάνει
1013 2418 1118 2495 τήν
1152 2420 1496 2498 μουναρχίην
1525 2418 1895 2498 Ἱπποκράτης,

315 2508 642 2588 Κλεάνδρου
682 2507 784 2569 ἐῶν
823 2506 1118 2583 ἀδελφεός·
1160 2508 1383 2585 ἔχοντος
1424 2506 1484 2565 δὲ
1521 2505 1898 2585 Ἱπποκράτεος

313 2598 417 2674 τήν
439 2596 749 2675 τυραννίδα,
778 2623 810 2656 ο
842 2594 1101 2664 Γέλων,’
1076 2619 1178 2653 εων
1203 2593 1449 2669 Τηλίνεω
1481 2597 1583 2653 τοῦ
1610 2596 1896 2671 ιροφάντεω

313 2684 605 2763 ἀπόγονος,
632 2687 866 2744 πολλῶν
895 2681 1015 2759 μετ’
1041 2680 1235 2741 ἄλλων
1270 2681 1364 2739 καὶ
1397 2680 1779 2759 Αἰνησιδήμου
1806 2709 1895 2743 του

315 2776 604 2833 Παταῖκοῦ
623 2769 740 2834 ὃς
702 2793 775 2846 ην
793 2769 1104 2846 δορυφόρος
1126 2767 1524 2844 Ἱπποκράτεος
1547 2813 1751 2830 .....
1769 2770 1894 2848 μετὰ

314 2860 375 2920 δὲ
400 2858 465 2920 οὗ
494 2856 720 2918 πολλὸν
741 2855 944 2936 χρόνον
970 2855 1036 2915 δι’
1065 2855 1265 2933 ἅρετήν
1290 2854 1576 2935 ἀπεδέχθη
1600 2856 1787 2933 πάσης
1806 2862 1895 2935 τῆς

315 2949 491 3009 ἵππου
537 2945 678 3006 εἶναι
721 2942 1016 3022 ἵππαρχος.
1100 2943 1530 3021 πολιορκέοντος
1573 2944 1686 3026 γὰρ
1726 2944 1893 3007 Ἱππ-ο-

315 3036 541 3115 κράτεος
595 3032 1026 3094 Καλλιπολίτας
1077 3056 1141 3092 τε
1183 3032 1273 3091 καὶ
1322 3032 1585 3104 Ναξίους,
1635 3032 1728 3092 καὶ
1769 3038 1894 3115 Ζαγ-

315 3125 539 3187 κλαίους
577 3147 643 3183 τε
683 3120 775 3180 καὶ
806 3120 1146 3191 Λεοντίνους,
1180 3119 1273 3178 καὶ
1308 3119 1466 3197 πρός,
1507 3122 1896 3198 Συρηκουσίους

313 3234 376 3268 τε
421 3211 514 3269 καὶ
558 3214 668 3270 τῶν
712 3205 1025 3285 βαρβάρων
1066 3205 1325 3287 συχνοῦς,
1368 3206 1509 3285 ἀνὴρ
1550 3209 1803 3286 ἐφαίνετο
1841 3215 1894 3273 ἐν
