2100 3409
281 19 312 63 B
890 11 1262 60 ‘HPOAOTOT
1793 10 1886 75 [V.

279 93 579 165 ἀναπαύεο,
606 93 748 171 μηδὲ
773 91 1006 167 λιπάρεε
1032 95 1105 168 τῇ
1130 88 1319 149 πόσει·
1349 88 1459 170 ἐγὼ
1476 87 1538 149 δὲ
1555 89 1894 167 προσμένων

280 181 450 242 αὐτοῦ
466 183 614 260 τῇδε,
630 180 813 240 πάντα
827 179 900 239 τὰ
916 178 1176 254 ἐπιτήδεα
1195 176 1417 255 παρέξω
1433 180 1588 237 τοῖσι
1603 176 1892 247 &strowe-'⁸

279 270 423 348 πρὸς
445 274 620 329 ταῦτα
647 269 852 330 συνιεὶς
868 266 900 326 ὁ
919 265 1195 344 Ἀμύντης
1216 265 1303 326 ὅτι
1321 265 1561 342 νεώτερα
1581 265 1893 347 πρήγματα

279 357 512 436 πρήξειν
537 357 740 434 μέλλει
763 355 1150 432 Ἀλέξανδρος,
1177 354 1354 436 λέγει·
1397 364 1434 390 “
1453 354 1495 412 ὦ
1530 358 1651 423 παῖ,
1681 356 1893 434 σχεδὸν

279 445 390 527 γάρ
419 472 522 505 σευ
548 444 950 522 ἀνακαιομένου
974 445 1205 521 συνίημι
1241 442 1371 506 τοῦς
1404 442 1625 524 λόγους,
1657 441 1747 501 ὅτι
1771 443 1891 502 ἐθέ-

279 537 400 597 λεις
441 536 539 610 ἐμὲ
573 533 860 612 ἐκπέμψας
886 532 1096 592 ποιέειν
1120 558 1176 591 τι
1212 532 1494 609 νεώτερον·
1538 529 1648 611 ἐγὼ
1678 529 1754 589 ὦν
1785 557 1893 590 σευ

279 622 489 700 χρηὶζω
517 622 689 698 μηδὲν
717 625 1036 700 νεοχμῶσαι
1065 647 1168 681 κατ
1167 617 1405 696 ’ἄνδρας
1430 618 1674 688 τούτους,
1698 619 1788 679 ἵνα
1806 644 1891 695 μη

282 708 559 790 ἐξεργάσῃ
599 708 793 787 ἡμέας·
836 707 992 768 σ’,λλᾶ
1027 707 1227 786 ἀνέχευ
1263 705 1437 785 ὁρέων
1465 732 1538 766 τα
1568 706 1890 781 ποιεύμενα·

186 799 263 856 20
282 796 433 873 ἀμφὶ
475 797 534 856 δε
574 796 764 875 ἀπόδῳ
804 801 875 876 τῇ
919 800 1025 875 ἐμῇ
1066 795 1344 871 πείσομαί
1392 794 1514 854 τοι.’
1614 793 1713 855 Ὡς
1753 794 1815 851 δὲ
1854 819 1889 853 ο
1967 847 1982 860 .

0 3235 159 3333 ᾖ

281 883 558 961 Ἀμύντης
588 884 809 963 χρῄσας
838 884 1057 944 τούτων.
1084 882 1327 961 οἰχώκεε,
1361 881 1523 963 λέγει
1554 909 1586 941 ο
1623 880 1893 950 Ἀλέξαν-

264 972 409 1049 .δρος
462 972 604 1049 πρὸς
655 997 787 1034 τους
839 971 1092 1048 Πέρσας·
1177 982 1212 1007 “
1227 975 1499 1053 γυναικῶν
1545 968 1802 1038 τουτέων,
1849 968 1896 1027 ὦ

282 1060 468 1128 ξεῖνοι,
527 1058 725 1135 πολλή
772 1064 895 1119 ἐστι
949 1058 1082 1136 ύμῖν
1126 1058 1391 1134 εὐπετείη,
1438 1058 1530 1115 καὶ
1573 1060 1622 1116 εἰ
1661 1056 1894 1135 πάσῃσι

280 1146 574 1224 βούλεσθε
599 1148 911 1229 μίσγεσθαι
937 1146 1031 1206 καὶ
1062 1146 1304 1225 ὁκόσῃσι
1333 1145 1407 1205 ὧν
1433 1144 1658 1206 αὐτέων·
1685 1144 1893 1204 τούτου

278 1237 384 1310 μὲν
423 1236 551 1312 πέρι
589 1235 749 1295 αὐτοὶ
789 1234 1230 1311 αποσημανέετε·
1278 1238 1376 1294 νῦν
1412 1234 1487 1302 δὲ,
1530 1231 1741 1311 σχεδὸν
1773 1230 1893 1313 γάρ

282 1321 389 1398 ἤδη
428 1327 531 1398 τῆς
583 1324 768 1398 κοίτης
807 1348 921 1399 ωρη
961 1321 1340 1402 προσέρχεται
1378 1321 1510 1398 ύμῖν
1559 1321 1652 1379 καὶ
1704 1324 1894 1384 καλῶς

266 1410 515 1488 ἔχοντας
545 1410 717 1487 ύμέας
753 1409 891 1486 ὁρέω
920 1409 1112 1487 μέθης,
1140 1412 1406 1490 γυναῖκας
1429 1408 1651 1477 ταύτας,
1681 1412 1730 1467 εἷ
1753 1408 1894 1517 υμῖν

286 1499 514 1573 φίλον’
488 1499 628 1567 εστὶ,
646 1497 821 1573 ἄφετε
845 1496 1191 1557 λούσασθαι·
1219 1496 1578 1574 λουσαμένας
1599 1494 1732 1564 δὲ,’
1699 1497 1892 1555 οπίσω

283 1585 718 1663 προσδέκεσθεῗ
801 1587 958 1647 εἴπας
992 1589 1184 1654 ταῦτα,
1222 1585 1546 1644 συνέπαινοι
1584 1609 1695 1663 γαρ
1736 1581 1895 1657 ἦσαν

285 1677 341 1733 οἱ
366 1675 606 1761 Πέρσαι,
647 1677 910 1756 γυναῖκας
959 1676 1065 1749 μὲν
1105 1672 1445 1741 ἐξελθούσας
1492 1670 1787 1748 ἀπέπεμπε
1836 1677 1895 1736 ἐς

281 1761 387 1838 τήν
421 1763 762 1844 γυναικηιην·
804 1760 969 1824 αύτὸς
1001 1760 1131 1820 δὲ’
1099 1788 1130 1820 ο
1166 1759 1537 1838 Ἀλέξανδρος
1568 1759 1726 1824 ἴσους
1750 1765 1892 1840 τῇσι
1932 1811 1941 1818 .

279 1852 499 1932 γυναιξὶ
523 1850 763 1928 οἷριθμον
787 1849 988 1927 ανδρας
1013 1850 1378 1930 λειογενείους
1397 1854 1469 1927 τῇ
1488 1852 1599 1908 τῶν
1615 1873 1894 1928 γυναικων

282 1941 481 2015 ἐσθῆτι
517 1938 815 2009 σκευάσας,
848 1939 941 1995 καὶ
972 1938 1276 2015 ἐγχειρίδια
1311 1936 1455 2005 δοῦς,
1494 1940 1717 2016 παρῆγε
1755 1936 1891 1995 ἔσω.

283 2026 547 2105 παράγων
575 2025 634 2082 δὲ
668 2024 897 2086 τούτους
935 2024 1096 2105 ἔλεγε
1122 2029 1273 2083 τοῖσι
1303 2025 1572 2103 Πέρσῃσι
1598 2023 1748 2082 τάδε·
1792 2034 1829 2060 “
1847 2022 1895 2083 ὦ

282 2114 524 2188 Πέρσαι,
554 2110 741 2170 οἴκατε
775 2105 1083 2190 πανδαισίῃ
1118 2113 1285 2190 τελέῃ
1326 2112 1666 2186 εἶστιῆσθαι·
1719 2110 1793 2169 τά
1828 2138 1895 2171 τε

281 2199 392 2281 γὰρ
439 2197 593 2257 ἄλλα
639 2197 752 2258 ὅσα
798 2199 1036 2277 εἴχομεν,
1084 2199 1177 2257 καὶ
1222 2200 1390 2276 πρὸς,
1426 2199 1499 2258 τοὶ
1556 2197 1647 2258 οἶά
1701 2223 1763 2258 τε
1820 2198 1898 2275 ἦν

283 2285 602 2363 ἐξευρόντας
646 2280 928 2366 παρέχειν,
969 2286 1155 2347 πάντα
1194 2286 1325 2363 ύμῖν
1364 2286 1624 2363 πάρεστι·
1683 2287 1777 2346 καὶ
1820 2288 1894 2365 δὴ

283 2374 375 2434 καὶ
399 2373 528 2434 τόδε
552 2373 619 2434 τὸ
645 2373 867 2434 πάντων
892 2376 1167 2456 μέγιστον
1190 2373 1293 2437 τάς
1318 2401 1380 2433 τε
1409 2378 1618 2433 ἑωυτῶν
1644 2375 1896 2449 μητέρας

288 2463 382 2521 καὶ
411 2461 510 2524 τὰς
546 2461 830 2538 ὧδελφεοὶς
863 2461 1375 2539 ἐπιδαψιλευόμεθα
1400 2462 1550 2539 ύμῖν·
1594 2460 1666 2524 οἷς
1690 2487 1894 2521 παντε-

281 2552 423 2613 λέως
452 2549 669 2626 μάθητε
703 2549 1032 2627 τιμεῶμενοι
1068 2549 1210 2625 πρὸς
1246 2550 1429 2627 ἡμέων
1465 2554 1575 2610 τῶν
1609 2550 1717 2625 πέρ
1760 2554 1895 2610 ἐστε

285 2638 448 2708 αξιοι,
469 2664 611 2715 προς
631 2638 690 2697 δὲ
711 2663 804 2696 και
783 2638 1066 2714 βασιλεῖ
1085 2642 1161 2717 τῶ
1179 2639 1467 2716 πεμψαντι
1488 2638 1891 2719 απαγγείλητε,

283 2750 355 2787 ως
371 2725 513 2801 ανὴρ
521 2725 744 2800 Ἕλλην
764 2725 1157 2786 Μακεδόνων
1123 2752 1375 2805 υπαρχος
1395 2724 1457 2785 εὖ
1471 2726 1643 2802 υμέας
1663 2726 1893 2795 ἐδέξατο

286 2813 379 2871 καὶ
416 2813 663 2890 τραπέζῃ
701 2813 792 2871 καὶ
834 2811 1041 2891 κοίτῃ·”
1098 2818 1276 2872 ταῦτα
1317 2814 1475 2877 εἶπας
1503 2813 1890 2890 Ἀλέξανδρος,

281 2901 498 2978 παρίζει
540 2900 741 2977 Πέρσῃ
783 2899 940 2976 ἀνδρὶ
980 2898 1155 2976 ἄνδρα
1195 2901 1511 2971 Μακεδόνα,
1547 2928 1619 2964 ως
1653 2908 1894 2982 γυναῖκα

281 2992 358 3066 τῷ
397 2987 568 3067 λόγῳ·
628 2989 682 3045 οἶ
724 2987 798 3055 δὲ,
842 2988 967 3046 ἐπεί
1000 2989 1066 3045 τέ
1106 2995 1297 3063 σφεων
1347 2992 1401 3047 οἱ
1440 2990 1656 3065 Πέρσει
1692 2990 1896 3065 ψαύειν

187 3075 261 3133 21
285 3078 596 3151 ἐπειρῶντο,
625 3072 977 3153 διεργάζοντο
998 3073 1215 3137 αὐτούς.
1275 3076 1391 3133 Καὶ
1420 3073 1572 3134 οὗτοι
1591 3078 1694 3152 μὲν
1713 3077 1896 3158 τούτῳ

281 3165 361 3239 τῷ
401 3161 557 3241 μόρῳ
597 3158 999 3236 διεφθάρησαν,
1043 3160 1137 3219 καὶ
1178 3159 1338 3220 αὐτοὶ
1386 3162 1479 3220 καὶ
1524 3162 1562 3238 ἦ
1611 3164 1897 3243 θεραπῃῒη
