2100 3409
184 69 370 141 70⁵-74J
903 75 1130 126 nmmo.
1725 72 1790 128 87

182 157 541 233 προσέβαλε,
567 156 775 232 μοῦνος
796 158 965 216 τοῦτο
992 155 1216 217 πάντων
1238 153 1307 232 δὴ
1332 150 1786 235 τῶνγενομένων

184 244 467 317 βασιλέων
499 249 564 303 ἐν
592 242 825 323 Σπάρτῃ
849 243 1112 321 ποιήσας.

198 407 209 419 ι
249 332 610 412 Λευτυχίδης
642 330 702 391 δὶ
738 330 772 390 6
804 331 1106 409 Μενάρεος,
1135 329 1479 410 Δημαρήτου
1509 355 1785 391 καταπαυ-
1803 331 1876 393 71

186 420 423 493 σθέντος,
473 419 761 489 διεδέξατο
806 420 910 496 τήν
952 421 1288 497 βασιληίην·
1347 420 1446 480 καί
1483 422 1537 479 οἶ
1575 419 1788 500 γίνεται

188 508 294 573 τοὶἳς
313 508 692 584 Ζευξῶημος,
710 507 809 568 τὸν
828 508 897 584 δη
926 510 1210 569 Κυνίσκον
1227 508 1572 585 μετεξέτεροι
1599 509 1786 584 Σπαρ-

188 598 401 671 τιητέων
451 595 708 656 ἐκάλεον.
791 593 952 660 οὗτος
992 595 1024 656 6
1069 596 1403 673 Ζευξίδημος
1446 594 1545 656 οὐκ
1587 595 1786 672 ἐβασί-

191 686 333 746 λευσε
369 684 668 762 Σπάρτης·
695 710 806 762 προ
790 682 1174 763 Λευτυχίδεω
1197 711 1310 765 γαρ
1334 688 1585 764 τελευτᾷ,
1605 683 1788 743 λιπων

190 775 342 834 παῖδα,
367 774 748 854 Ἀρχίδημον·
780 774 1123 852 Λευτυχίδης
1148 772 1208 832 δὲ
1227 773 1515 849 στερηθεὶς
1535 771 1786 848 Ζευξιδή·
1851 796 1860 804 ·

193 885 284 935 μου
320 862 540 943 γαμέει
592 861 849 937 δευτέρην
898 865 1135 941 γυναῖκα
1185 859 1533 939 Ευρυδιίμην,
1584 864 1788 919 ἐοῦσαν

194 952 396 1010 Μενίου
433 951 542 1027 μὲν
575 947 858 1024 ἀδελφεήν
894 949 1268 1027 Διακτορίδεω
1300 950 1361 1008 δὲ
1388 950 1683 1029 θυγατέρα·
1725 952 1784 1006 ἐκ

195 1040 281 1111 τῆς
301 1040 360 1096 οἱ
391 1038 558 1113 ἔρσεν
581 1039 686 1114 μὲν
708 1038 921 1117 γινέται
947 1036 1123 1108 οὐδὲν,
1144 1036 1391 1117 θυγάτηρ
1413 1037 1472 1095 δὲ
1492 1035 1785 1112 Λαμπιτώ·

195 1122 285 1198 τήν
311 1124 665 1203 Ἀρχίδημος
704 1125 736 1185 6
778 1125 1120 1202 Ζευξιδήμου
1158 1125 1372 1205 γαμέει,
1414 1123 1605 1185 δόντος
1643 1122 1788 1201 αὐτῷ

197 1213 553 1290 Λευτυχίδεω.
638 1211 723 1272 02'
758 1215 864 1289 μὲν
894 1212 1021 1273 οὐδὲ
1056 1212 1398 1289 Λευτυχίδης
1427 1210 1704 1290 κατεγήρα
1730 1212 1881 1270 ἐν72

116 1305 121 1314 ’
200 1298 438 1379 Σπάρτῃ,
466 1299 622 1360 ἀλλὰ
645 1302 798 1361 τίσιν
821 1300 1039 1376 τοιήνδε
1062 1299 1189 1361 τινοῖ
1210 1298 1530 1378 Δημαρήτῳ
1555 1298 1784 1367 ἐξέτισε·

201 1388 581 1469 ἐστρατήγησε
604 1387 1100 1465 Λακεδαιμονίοισι
1127 1393 1181 1451 ἐς
1208 1388 1553 1462 Θεσσαλίην,
1580 1385 1789 1464 παρεόν

201 1472 256 1533 δέ
277 1479 328 1534 οἷ
353 1476 649 1556 ὑποχείρια
682 1475 866 1536 πάντα
900 1476 1255 1552 ποιήσασθαι
1291 1474 1668 1553 ἐδωροδόκησε
1693 1473 1789 1552 οἷρ·

201 1561 383 1640 γῦριον
418 1565 587 1624 πολύ·
645 1564 728 1624 ἐπ’
765 1564 1075 1644 αυτοφωρῳ
1107 1565 1167 1624 δὲ
1202 1563 1374 1627 αλους
1410 1563 1580 1624 αυτοῦ
1618 1567 1677 1623 ἐν
1713 1566 1793 1641 τῷ

205 1652 550 1732 στρατοπέδῳ
607 1651 1006 1730 ἐπικατήμενος
1063 1652 1263 1732 χειρίδι
1308 1651 1457 1729 πλέῃ
1505 1650 1785 1731 ἀργυρίου,

206 1737 418 1818 ἔφυγε’
394 1765 453 1798 εκ
480 1739 756 1817 Σπάρτης,
781 1740 892 1800 ὕπο
874 1739 1270 1816 δικαστήριον
1288 1737 1573 1815 ὖπαχθείς·
1602 1737 1695 1796 καὶ
1719 1762 1791 1795 τα

208 1827 343 1884 οἰκία
368 1855 421 1888 οι
448 1829 795 1937 κατεσκάφη·
838 1830 1011 1909 ἔφυγε
1036 1828 1151 1887 δε’
1125 1853 1180 1889 ες
1204 1827 1429 1906 Τεγέην,
1459 1826 1552 1884 καὶ
1578 1823 1790 1884 ἐτελευ-

207 1936 341 1986 τησε
364 1920 421 1976 ἐν
444 1916 636 1995 ταύτῃ·
664 1920 839 1976 ταῦτα
864 1918 968 1993 μὲν
994 1915 1118 1990 δῆ’
1092 1914 1310 1995 εγένετο
1336 1911 1518 1991 χρόνῳ
1536 1910 1791 1988 υστερον.

272 2001 405 2062 Τότε
440 2004 499 2064 δε
530 2004 602 2068 ὦς
626 2030 703 2083 τῳ
723 2008 1033 2081 Κλεομένεϊ
1070 2001 1325 2077 ευωὸὥθη
1358 2000 1425 2061 τὰ
1461 2006 1517 2063 ἐς
1545 1999 1647 2059 τὸν
1676 2005 1788 2075 Δη-
1809 1999 1886 2061 73

212 2111 445 2165 μαρητον
472 2097 726 2175 πρῆγμα,
756 2091 953 2152 αὐτίκα
977 2090 1333 2169 παραλαβων
1349 2086 1744 2167 Λευτυχίδεα
1706 2096 1794 2163 ηϊε

214 2176 299 2232 ἐπὶ
324 2202 443 2243 τους
477 2178 796 2262 Αἰγινήτας,
827 2179 1004 2239 δεινόν
1028 2178 1154 2239 τινά
1176 2179 1343 2254 σφι”
1316 2203 1541 2259 εγκοτον
1578 2174 1669 2235 δια
1693 2175 1794 2237 τᾶν

216 2269 672 2346 προπηλακισμον
709 2269 868 2345 ἔχων.
952 2268 1116 2327 οὕτω·
1137 2261 1228 2341 δη
1241 2266 1365 2325 οὔτε
1400 2293 1455 2326 οι
1480 2269 1791 2346 Αἰγινῆται,

218 2348 529 2433 ἀμφοτέρων
566 2382 678 2417 των
716 2355 1007 2432 βασιλέων
1044 2354 1291 2431 ηκόντων
1324 2354 1406 2413 ἐπ’
1442 2352 1655 2422 αὐτους,
1688 2353 1791 2411 ἐδι-

220 2441 384 2502 καίευν
409 2446 484 2503 ἔτι
510 2444 868 2520 ἀντιβαίνειν,
891 2443 1092 2502 ἐκεῖνοί
1105 2466 1167 2500 τε
1188 2441 1573 2517 ἐπιλεξάμενοι
1593 2439 1795 2517 ανδρας

220 2524 337 2586 δέκα
368 2533 697 2612 Αἰγινητέων
735 2556 863 2594 τους
896 2531 1178 2589 πλείστου
1212 2528 1398 2597 ἀξίους
1438 2528 1530 2586 καὶ
1568 2527 1810 2607 πλούτῳ

222 2615 302 2671 καὶ
341 2620 496 2698 γένεϊ,
533 2619 677 2701 ἦγον
724 2619 815 2677 καὶ
855 2618 1066 2680 ἄλλους
1108 2617 1200 2675 καὶ
1247 2615 1315 2691 δὴ
1363 2615 1455 2674 καὶ
1503 2615 1681 2692 Κρῖόν
1731 2640 1794 2674 τε
1884 2649 1890 2653 >

219 2700 307 2761 τόν
340 2708 688 2785 Πολυκρίτου
714 2706 807 2765 καὶ
834 2704 1164 2781 Κάσαμβον
1188 2702 1289 2762 τᾶν
1312 2702 1792 2780 Ἀριστοκράτεος,

222 2788 365 2869 οἷπερ
392 2795 541 2874 εἶχον
566 2796 837 2876 μέγιστον
864 2791 1082 2868 κράτος·
1126 2789 1428 2871 ἀγαγόντες
1448 2790 1511 2849 δέ
1528 2796 1713 2864 σφεας
1743 2795 1797 2852 ἐς

220 2881 316 2953 Ὺῆν
351 2882 449 2957 τήν
486 2882 762 2957 Ἀττικὴν,
794 2879 1124 2957 παραθήκην
1155 2876 1551 2955 παρατίθενται
1582 2882 1637 2937 ἐς
1668 2901 1796 2937 τους

223 2967 497 3042 ε’χθίστους
527 2969 862 3050 Αἰγινήτῃσι
885 2966 1225 3073 Ἀθῃναίους.
1311 2962 1474 3022 Μετοὶ
1512 2962 1571 3019 δὲ
1601 2964 1793 3027 ταῦτα,
1812 2961 1888 3019 74

224 3054 530 3131 Κλεομένεα
569 3057 837 3115 ἱπαῖστον
875 3052 1173 3134 γενόμενον
1215 3046 1700 3125 Κακοτεχνήσαντα
1741 3068 1796 3103 Ες
1907 3061 1914 3067 ’

225 3142 546 3219 ΔημάρητὌν
571 3145 732 3219 δεῖμα
759 3143 937 3217 ἔλαβε
964 3138 1371 3216 Σπαρτιητέων,
1400 3157 1490 3191 και
1520 3127 1795 3202 ὖπεξέσχε

226 3227 277 3287 ἔς
307 3233 643 3306 Θεσσαλίην·
686 3231 933 3291 ἐνθεῦτεν
965 3226 1024 3293 δὲ
1060 3222 1392 3296 ἀπικόμενος
1416 3222 1471 3278 ἐς
1494 3211 1599 3286 τήν
1596 3210 1797 3287 Αρκα-

1973 3329 2035 3361 Α
