2100 3409
326 56 421 104 320
937 53 1304 103 ἨΡΟΔΟΤΟΤ
1811 4 2030 118 [IX—r

324 135 386 195 εὖ
420 134 780 212 ἐστρωμένας,
811 132 902 192 καὶ
935 127 1213 210 τραπέζας
1251 158 1315 192 τε
1353 132 1603 211 χρυσέας
1640 133 1738 194 καὶ
1767 133 1936 216 ἀργυ-

325 224 471 303 ρέας,
521 223 613 282 καὶ
664 221 1024 299 παρασκευὴν
1064 221 1502 302 μεγαλοπρεπέα
1542 226 1648 282 τοῦ
1692 223 1931 295 δείπνου,

324 311 674 393 ἐκπλαγέντα
729 310 803 370 ταῖ
859 311 1194 387 προκείμενα
1257 308 1460 389 άγαθᾶ,
1521 314 1794 370 κελεῦσαι
1841 313 1930 370 ἐπὶ

321 400 528 482 γέλωτι
562 397 690 462 τούς
725 401 926 457 ἑωυτοῦ
963 397 1250 473 διηκόνους
1279 397 1717 474 παρασκευάσω
1742 405 1926 458 Λακω-

321 486 474 548 νικόν
492 486 731 561 δεῖπνον·
760 485 829 549 ὥς
855 485 916 545 δὲ
929 489 1030 562 τῆς
1048 485 1236 561 θοίνης
1260 486 1590 560 ποιηθείσης
1614 486 1688 562 ἦν
1714 488 1928 547 πολλὰν

321 575 389 635 τό
415 574 609 651 μέσον,
629 572 729 634 τᾶν
749 574 1082 649 Παυσανίην
1100 573 1425 654 γελάσαντα
1449 576 1926 653 μεταπέμψασθαι

322 665 434 720 τῶν
480 659 772 735 Ἑλλήνων
820 660 952 723 τοῦς
1005 658 1373 739 στρατηγούς·
1442 660 1832 723 συνελθόντων
1874 663 1927 721 δὲ

324 750 576 819 τουτέων,
599 753 770 809 εἰπεῖν
794 747 894 809 τᾶν
921 748 1277 823 Παυσανίην,
1291 746 1576 807 δεικνύντα
1597 754 1656 811 ἐς
1675 751 1927 827 ἑκατέρην

322 841 422 896 τοῦ
476 837 698 896 δείπνου
749 835 853 913 τὴν
904 834 1284 913 παρασκευήν·
1346 846 1381 871 “
1398 833 1592 912 ἄνδρες
1635 835 1925 913 Ἕλληνες,

322 925 492 983 τῶνδε
521 925 699 984 εἵνεκα
725 922 832 1005 ἐγώ
856 923 1029 1000 ὖμέας
1055 923 1392 1004 συνήγαγον,
1420 923 1780 1001 βουλόμενος
1806 925 1927 1002 ὑμῖν

323 1012 485 1071 τοῦδε
524 1015 627 1071 τοῦ
666 1011 877 1088 Μήδων
914 1010 1189 1092 ἡγεμόνος
1227 1011 1331 1086 τὴν
1350 1010 1706 1121 ἀφροσύνην
1738 1013 1923 1082 δεῖξαι·

325 1127 386 1162 ος
410 1099 626 1175 τοιήνδε
653 1100 922 1160 δίαιταν”
893 1125 1048 1178 εχων,
1077 1097 1273 1173 ἦλθε’
1248 1124 1303 1162 ες
1327 1097 1505 1175 ἡμέας
1537 1098 1683 1159 οὕτω
1711 1100 1924 1178 οὑζυρην

327 1189 553 1267 ἔχοντας
617 1185 1100 1264 ἀπαιρησόμενοςῖ
1187 1190 1362 1246 ταῦτα
1424 1188 1529 1261 μὲν
1599 1192 1923 1264 Παυσανίην

327 1276 550 1357 λέγεται
579 1279 749 1334 εἰπεῖν
774 1274 916 1352 πρὸς
943 1300 1075 1336 τους
1109 1298 1457 1355 στρατηγους
1481 1277 1594 1334 τῶν
1619 1274 1915 1351 Ἑλλήνωι.

195 1365 203 1371 ’
232 1365 309 1423 83
323 1362 570 1441 Ὑστέρῳ
614 1364 807 1438 μέντοι
847 1361 1031 1441 χρόνῳ
1073 1360 1215 1437 μετσῖ
1265 1366 1441 1421 ταῦτα
1483 1363 1578 1421 καὶ
1617 1368 1732 1424 τῶν
1775 1370 1918 1424 Πλα-

324 1450 518 1508 ταιέων
546 1446 705 1524 εὗρον
737 1449 939 1526 συχνοὶ
976 1448 1150 1524 θήκας
1185 1453 1401 1528 χρυσοῦ
1439 1451 1532 1509 καὶ
1565 1450 1816 1531 ἀργύρου
1840 1455 1918 1511 καὶ

324 1539 435 1595 τῶν
461 1534 651 1596 ἄλλων
684 1534 1003 1615 χρημάτων.
1088 1534 1267 1612 ἐφάνη
1304 1537 1364 1596 δὲ
1403 1538 1494 1596 καὶ
1526 1536 1659 1597 τόδε
1695 1538 1918 1618 ὕστερον

326 1624 405 1683 ἔτι
428 1623 651 1694 τούτων,
679 1629 788 1684 τῶν
819 1627 1023 1705 νεκρῶν
1059 1626 1539 1702 περιψιλωθέντων
1565 1626 1916 1705 τὰς’σάρκας·

326 1711 666 1789 συνεφόρεον
727 1712 837 1793 γὰρ
890 1739 962 1771 τα
1018 1710 1192 1771 ὄστέα
1253 1715 1307 1771 οἱ
1359 1714 1675 1778 Πλαταιεες
1730 1721 1786 1779 ἐς
1835 1717 1918 1776 ἕνα

325 1804 528 1880 χῶρον·
571 1800 765 1877 εὑρέθη
795 1799 1026 1913 κεφαλη
1056 1826 1154 1858 ουκ
1192 1802 1404 1878 ἔχουσα
1434 1801 1626 1877 ῥαφην
1655 1804 1915 1880 ουδεμίαν,

325 1888 480 1947 ἀλλα
521 1888 584 1957 ἐξ
625 1887 743 1950 ἑνός
785 1893 958 1948 ἐοῦσα
995 1886 1217 1947 ὀστεου·
1273 1889 1453 1963 ἐφάνη
1494 1889 1556 1947 δὲ
1593 1890 1689 1948 καὶ
1726 1891 1917 1971 γνάθος

326 2002 417 2034 και
443 1976 507 2036 τὰ
544 2003 655 2035 ανω
684 1980 785 2052 τῆς
815 1975 1103 2055 γνάθου,”
1075 2001 1287 2054 εχουσα
1322 1975 1549 2038 οδόντας
1579 1979 1917 2054 μουνοφυέας

326 2063 389 2132 ἐξ
438 2063 558 2127 ἐνὸς
599 2063 801 2124 ὀστέου
842 2062 1068 2135 πάντας,
1112 2089 1244 2125 τους
1287 2089 1351 2122 τε
1392 2062 1621 2126 ὀδοντας
1666 2065 1759 2124 καὶ
1802 2064 1915 2128 rufis·

325 2153 622 2230 γομφίους·
667 2151 759 2209 καὶ
783 2151 1169 2229 πενταπήχεος
1194 2149 1450 2228 οἷνδρος’
1419 2152 1594 2210 οστέα
1603 2152 1821 2229 ἐφάνη.

232 2239 309 2297 84
406 2236 571 2296 Ἐπεί
609 2263 671 2296 τε
712 2238 771 2295 δὲ
810 2239 1133 2313 Μαρδονίου
1174 2238 1399 2315 δευτερῃ
1439 2237 1624 2316 ἡμέρῃ
1669 2267 1701 2299 ο
1742 2267 1915 2318 νεκρος

326 2322 627 2398 ἠφάνιστο·
668 2322 759 2381 ὑπ’
786 2323 912 2384 ὅτευ
951 2328 1055 2400 μὲν
1096 2324 1414 2402 ἀνθρώπων,
1457 2352 1522 2386 το
1566 2325 1793 2405 οἷτρεκες
1827 2354 1914 2388 ουκ

327 2411 433 2489 ἔχω
472 2414 660 2471 εἰπεῖν·
701 2399 953 2474 πολλους
993 2413 1058 2471 δέ
1087 2438 1240 2475 τινας
1279 2411 1386 2488 ἤδη
1423 2413 1516 2471 καὶ
1541 2414 1915 2479 παντοδαπους

325 2497 542 2574 ἤκουσα
589 2498 766 2577 θάψαι
812 2499 1148 2576 Μαρδόνιον,
1197 2500 1289 2559 καὶ
1337 2500 1484 2577 δῶρα
1530 2500 1761 2582 μεγάλα
1804 2502 1912 2562 οῖδα

325 2587 611 2663 λαβόντας
640 2586 894 2650 πολλοῦς
933 2587 1088 2664 παρὰ
1119 2587 1425 2664 Ἀρτόντεω
1464 2592 1568 2648 τοῦ
1608 2590 1912 2666 Μαρδονίου

324 2674 520 2737 παιδός
555 2675 645 2734 διὰ
679 2678 847 2735 τοῦτο
877 2674 944 2735 τὰ
988 2676 1167 2755 ἔργον.
1250 2675 1408 2737 ὅστις
1432 2675 1626 2751 μέντοι
1657 2676 1727 2751 ἦν
1754 2676 1912 2736 αὖταῖν

325 2758 358 2818 ὁ
384 2759 725 2836 ὑπελόμενός
742 2787 806 2821 τε
825 2763 916 2821 καὶ
934 2762 1118 2840 θάψας
1135 2762 1236 2821 τὸν
1255 2762 1449 2840 νεκρόν
1466 2764 1569 2823 τόν
1589 2765 1910 2841 Μαρδονίου,

326 2845 393 2904 οὐ
435 2846 671 2926 δύναμαι
708 2847 974 2925 ἀτρεκέως
1012 2850 1312 2910 πυθέσθαι·
1356 2851 1471 2929 ἔχει
1503 2852 1567 2910 δέ
1594 2877 1722 2912 τινα
1762 2851 1912 2927 φάτιν

326 2934 418 2991 καὶ
444 2934 890 3009 Διονυσοφάνης,
910 2934 1053 3013 ἀνὴρ
1078 2936 1362 3014 Ἐφέσιος,
1392 2939 1570 3017 θάψαι
1591 2940 1910 3017 Μαρδόνιον.

233 3020 307 3076 85
326 3018 456 3077 ἀλλ’
489 3019 521 3079 ὁ
547 3022 651 3096 μὲν
680 3018 869 3098 τρόπῳ
904 3022 1136 3102 τοιούτῳ
1165 3024 1366 3100 ἐτάφη.
1453 3030 1527 3085 Οἱ
1564 3026 1625 3085 δὲ
1651 3025 1913 3104 Ἕλληνες

327 3104 397 3167 ὥς
423 3111 480 3166 ἐν
515 3108 848 3184 Πλαταιῇσι
877 3106 983 3181 τήν
1014 3110 1179 3185 ληΐην
1212 3111 1500 3187 διείλοντο,
1535 3114 1780 3175 ἔθαπτον
1800 3114 1914 3177 τούς

329 3195 539 3252 ἑωυτῶν
582 3194 749 3270 χωρὶς
796 3190 1034 3253 ἕκαστοι.
1121 3198 1551 3274 Λακεδαιμόνιοι
1592 3202 1703 3278 μὲν
1743 3201 1915 3281 1·μῶ
2005 3100 2031 3372 j
