<?xml version="1.0" encoding="UTF-8"?>
<!DOCTYPE html PUBLIC "-//W3C//DTD XHTML 1.0 Transitional//EN"
    "http://www.w3.org/TR/xhtml1/DTD/xhtml1-transitional.dtd">
<html xmlns="http://www.w3.org/1999/xhtml" xml:lang="en" lang="en">
 <head>
  <title>
</title>
<meta http-equiv="Content-Type" content="text/html;charset=utf-8" />
  <meta name='ocr-system' content='tesseract 3.04.00' />
  <meta name='ocr-capabilities' content='ocr_page ocr_carea ocr_par ocr_line ocrx_word'/>
</head>
<body>
  <div class='ocr_page' id='page_1' title='image "./herodotus00unkngoog/herodotus00unkngoog_0074.png"; bbox 0 0 2100 3409; ppageno 0'>
   <div class='ocr_carea' id='block_1_1' title="bbox 248 41 1974 3267">
    <p class='ocr_par' dir='ltr' id='par_1_1' title="bbox 248 41 1974 3267">
     <span class='ocr_line' id='line_1_1' title="bbox 343 41 1942 107; baseline -0.002 -12"><span class='ocrx_word' id='word_1_1' title='bbox 343 51 406 95; x_wconf 77' lang='lat'>62</span> <span class='ocrx_word' id='word_1_2' title='bbox 950 44 1321 95; x_wconf 68' lang='lat' dir='ltr'>‘BPOAomo‘r</span> <span class='ocrx_word' id='word_1_3' title='bbox 1815 41 1942 107; x_wconf 83' lang='lat' dir='ltr'><strong>[VI.</strong></span> 
     </span>
     <span class='ocr_line' id='line_1_2' title="bbox 342 113 1948 204; baseline 0 -20"><span class='ocrx_word' id='word_1_4' title='bbox 342 126 451 204; x_wconf 80' lang='grc' dir='ltr'>ἔχω</span> <span class='ocrx_word' id='word_1_5' title='bbox 480 122 682 185; x_wconf 77' lang='grc' dir='ltr'>ἐλπίδα</span> <span class='ocrx_word' id='word_1_6' title='bbox 720 149 802 201; x_wconf 91' lang='grc' dir='ltr'>μη</span> <span class='ocrx_word' id='word_1_7' title='bbox 843 123 908 184; x_wconf 77' lang='grc' dir='ltr'>οὗ</span> <span class='ocrx_word' id='word_1_8' title='bbox 950 124 1150 184; x_wconf 77' lang='grc' dir='ltr'>δώσειν</span> <span class='ocrx_word' id='word_1_9' title='bbox 1189 122 1363 201; x_wconf 80' lang='grc' dir='ltr'>ύμεας</span> <span class='ocrx_word' id='word_1_10' title='bbox 1391 120 1548 197; x_wconf 84' lang='grc' dir='ltr'>δίκην</span> <span class='ocrx_word' id='word_1_11' title='bbox 1586 113 1667 201; x_wconf 73' lang='grc' dir='ltr'>τῳ</span> <span class='ocrx_word' id='word_1_12' title='bbox 1700 121 1948 198; x_wconf 83' lang='grc' dir='ltr'>βασιλέῖ</span> 
     </span>
     <span class='ocr_line' id='line_1_3' title="bbox 339 208 1947 288; baseline -0.004 -12"><span class='ocrx_word' id='word_1_13' title='bbox 339 215 440 288; x_wconf 75' lang='grc' dir='ltr'>τῆς</span> <span class='ocrx_word' id='word_1_14' title='bbox 481 211 850 275; x_wconf 75' lang='grc' dir='ltr'>ἅποστασιος.</span> <span class='ocrx_word' id='word_1_15' title='bbox 934 210 1065 271; x_wconf 73' lang='grc' dir='ltr'>ἀλλ’</span> <span class='ocrx_word' id='word_1_16' title='bbox 1101 211 1231 288; x_wconf 84' lang='grc' dir='ltr'>ἐμοί</span> <span class='ocrx_word' id='word_1_17' title='bbox 1264 237 1328 270; x_wconf 91' lang='grc' dir='ltr'>τε</span> <span class='ocrx_word' id='word_1_18' title='bbox 1370 208 1640 269; x_wconf 82' lang='grc' dir='ltr'>πείθεσθε</span> <span class='ocrx_word' id='word_1_19' title='bbox 1683 209 1777 268; x_wconf 82' lang='grc' dir='ltr'>καὶ</span> <span class='ocrx_word' id='word_1_20' title='bbox 1819 210 1947 286; x_wconf 79' lang='grc' dir='ltr'>ἐμοὶ</span> 
     </span>
     <span class='ocr_line' id='line_1_4' title="bbox 340 293 1947 383; baseline -0.001 -24"><span class='ocrx_word' id='word_1_21' title='bbox 340 300 544 383; x_wconf 60' lang='grc' dir='ltr'>ὑμέας.</span> <span class='ocrx_word' id='word_1_22' title='bbox 558 300 756 362; x_wconf 68' lang='grc' dir='ltr'>αὐτοὺς</span> <span class='ocrx_word' id='word_1_23' title='bbox 798 300 1149 378; x_wconf 83' lang='grc' dir='ltr'>ἐπιτρέψατε·</span> <span class='ocrx_word' id='word_1_24' title='bbox 1197 293 1292 358; x_wconf 72' lang='grc' dir='ltr'>καὶ</span> <span class='ocrx_word' id='word_1_25' title='bbox 1334 296 1482 373; x_wconf 72' lang='grc' dir='ltr'>ὑμῖν</span> <span class='ocrx_word' id='word_1_26' title='bbox 1514 295 1641 378; x_wconf 73' lang='grc' dir='ltr'>ἐγῶ,</span> <span class='ocrx_word' id='word_1_27' title='bbox 1687 298 1829 358; x_wconf 78' lang='grc' dir='ltr'>θεῶν</span> <span class='ocrx_word' id='word_1_28' title='bbox 1874 297 1947 357; x_wconf 73' lang='grc' dir='ltr'>τὰ</span> 
     </span>
     <span class='ocr_line' id='line_1_5' title="bbox 341 384 1947 464; baseline -0.002 -16"><span class='ocrx_word' id='word_1_29' title='bbox 341 388 443 448; x_wconf 84' lang='grc' dir='ltr'>ἰ’σσ.</span> <span class='ocrx_word' id='word_1_30' title='bbox 483 386 774 464; x_wconf 81' lang='grc' dir='ltr'>νεμόντων,</span> <span class='ocrx_word' id='word_1_31' title='bbox 801 387 1143 463; x_wconf 76' lang='grc' dir='ltr'>ὑποδέκομαι</span> <span class='ocrx_word' id='word_1_32' title='bbox 1167 384 1206 462; x_wconf 84' lang='grc' dir='ltr'>ἢ</span> <span class='ocrx_word' id='word_1_33' title='bbox 1233 384 1299 446; x_wconf 79' lang='grc' dir='ltr'>οὐ</span> <span class='ocrx_word' id='word_1_34' title='bbox 1338 384 1638 462; x_wconf 79' lang='grc' dir='ltr'>συμμίξειν</span> <span class='ocrx_word' id='word_1_35' title='bbox 1676 384 1807 450; x_wconf 75' lang='grc' dir='ltr'>τούς</span> <span class='ocrx_word' id='word_1_36' title='bbox 1845 411 1947 445; x_wconf 88' lang='grc' dir='ltr'>πο-</span> 
     </span>
     <span class='ocr_line' id='line_1_6' title="bbox 341 471 1974 555; baseline -0.002 -20"><span class='ocrx_word' id='word_1_37' title='bbox 341 476 583 552; x_wconf 88' lang='grc' dir='ltr'>λεμίους,</span> <span class='ocrx_word' id='word_1_38' title='bbox 620 472 659 551; x_wconf 83' lang='grc' dir='ltr'>ἢ</span> <span class='ocrx_word' id='word_1_39' title='bbox 705 475 1134 555; x_wconf 80' lang='grc' dir='ltr'>συμμίσγοντας</span> <span class='ocrx_word' id='word_1_40' title='bbox 1179 471 1402 532; x_wconf 75' lang='grc' dir='ltr'>πολλὰν</span> <span class='ocrx_word' id='word_1_41' title='bbox 1449 471 1974 534; x_wconf 81' lang='grc' dir='ltr'>ἐλασσῶσεσθαι.””</span> 
     </span>
     <span class='ocr_line' id='line_1_7' title="bbox 248 559 1944 638; baseline -0.002 -15"><span class='ocrx_word' id='word_1_42' title='bbox 248 566 323 623; x_wconf 86' lang='grc'>12</span> <span class='ocrx_word' id='word_1_43' title='bbox 347 567 535 623; x_wconf 84' lang='grc' dir='ltr'>Ταῦτα</span> <span class='ocrx_word' id='word_1_44' title='bbox 565 562 902 626; x_wconf 75' lang='grc' dir='ltr'>ἀκούσαντες</span> <span class='ocrx_word' id='word_1_45' title='bbox 927 565 981 622; x_wconf 80' lang='grc' dir='ltr'>οἳ</span> <span class='ocrx_word' id='word_1_46' title='bbox 1010 560 1197 625; x_wconf 82' lang='grc' dir='ltr'>Ἴωνες</span> <span class='ocrx_word' id='word_1_47' title='bbox 1223 560 1584 638; x_wconf 82' lang='grc' dir='ltr'>ἐπιτρέπουσι</span> <span class='ocrx_word' id='word_1_48' title='bbox 1624 561 1813 636; x_wconf 84' lang='grc' dir='ltr'>σφέας</span> <span class='ocrx_word' id='word_1_49' title='bbox 1854 559 1944 620; x_wconf 78' lang='grc' dir='ltr'>αὖ·</span> 
     </span>
     <span class='ocr_line' id='line_1_8' title="bbox 341 646 1947 731; baseline -0.002 -21"><span class='ocrx_word' id='word_1_50' title='bbox 341 650 470 713; x_wconf 76' lang='grc' dir='ltr'>τούς</span> <span class='ocrx_word' id='word_1_51' title='bbox 492 653 570 730; x_wconf 76' lang='grc' dir='ltr'>τῷ</span> <span class='ocrx_word' id='word_1_52' title='bbox 596 651 905 730; x_wconf 64' lang='grc' dir='ltr'>Διονυσίῳ.</span> <span class='ocrx_word' id='word_1_53' title='bbox 957 649 990 710; x_wconf 81' lang='grc' dir='ltr'><em>ὅ</em></span> <span class='ocrx_word' id='word_1_54' title='bbox 1018 650 1095 719; x_wconf 84' lang='grc' dir='ltr'>δὲ,</span> <span class='ocrx_word' id='word_1_55' title='bbox 1124 648 1342 731; x_wconf 76' lang='grc' dir='ltr'>ἀνάγων</span> <span class='ocrx_word' id='word_1_56' title='bbox 1369 646 1638 708; x_wconf 80' lang='grc' dir='ltr'>ἑκάστοτε</span> <span class='ocrx_word' id='word_1_57' title='bbox 1665 650 1758 707; x_wconf 88' lang='grc' dir='ltr'>ἐπὶ</span> <span class='ocrx_word' id='word_1_58' title='bbox 1784 649 1947 726; x_wconf 84' lang='grc' dir='ltr'>κέρας</span> 
     </span>
     <span class='ocr_line' id='line_1_9' title="bbox 339 735 1947 816; baseline -0.001 -17"><span class='ocrx_word' id='word_1_59' title='bbox 339 739 440 802; x_wconf 69' lang='grc' dir='ltr'>τὰς</span> <span class='ocrx_word' id='word_1_60' title='bbox 481 739 622 808; x_wconf 76' lang='grc' dir='ltr'>νέας,</span> <span class='ocrx_word' id='word_1_61' title='bbox 665 737 804 802; x_wconf 81' lang='grc' dir='ltr'>ὅκως</span> <span class='ocrx_word' id='word_1_62' title='bbox 843 742 997 799; x_wconf 82' lang='grc' dir='ltr'>τοῖσι</span> <span class='ocrx_word' id='word_1_63' title='bbox 1039 737 1262 816; x_wconf 84' lang='grc' dir='ltr'>ἐρέτῃσι</span> <span class='ocrx_word' id='word_1_64' title='bbox 1303 735 1601 815; x_wconf 85' lang='grc' dir='ltr'>χρήσαιτο,</span> <span class='ocrx_word' id='word_1_65' title='bbox 1648 735 1947 797; x_wconf 81' lang='grc' dir='ltr'>διέκπλοον</span> 
     </span>
     <span class='ocr_line' id='line_1_10' title="bbox 340 822 1947 905; baseline -0.001 -20"><span class='ocrx_word' id='word_1_66' title='bbox 340 826 665 904; x_wconf 79' lang='grc' dir='ltr'>ποιεύμενος</span> <span class='ocrx_word' id='word_1_67' title='bbox 703 831 838 905; x_wconf 83' lang='grc' dir='ltr'>τῇσι</span> <span class='ocrx_word' id='word_1_68' title='bbox 874 825 1037 902; x_wconf 78' lang='grc' dir='ltr'>νηυσὶ</span> <span class='ocrx_word' id='word_1_69' title='bbox 1069 824 1140 885; x_wconf 82' lang='grc' dir='ltr'>δι’</span> <span class='ocrx_word' id='word_1_70' title='bbox 1163 823 1487 901; x_wconf 69' lang='grc' dir='ltr'>ἀλληλέων,</span> <span class='ocrx_word' id='word_1_71' title='bbox 1530 822 1624 880; x_wconf 83' lang='grc' dir='ltr'>καὶ</span> <span class='ocrx_word' id='word_1_72' title='bbox 1659 823 1791 886; x_wconf 73' lang='grc' dir='ltr'>τοῦς</span> <span class='ocrx_word' id='word_1_73' title='bbox 1835 829 1947 883; x_wconf 84' lang='grc' dir='ltr'>ἐπι-</span> 
     </span>
     <span class='ocr_line' id='line_1_11' title="bbox 342 910 1948 991; baseline 0.001 -16"><span class='ocrx_word' id='word_1_74' title='bbox 342 914 547 991; x_wconf 86' lang='grc' dir='ltr'>βατας</span> <span class='ocrx_word' id='word_1_75' title='bbox 575 914 849 985; x_wconf 79' lang='grc' dir='ltr'>ὁπλίσειε,</span> <span class='ocrx_word' id='word_1_76' title='bbox 896 939 963 973; x_wconf 88' lang='grc' dir='ltr'>το</span> <span class='ocrx_word' id='word_1_77' title='bbox 1010 912 1215 973; x_wconf 75' lang='grc' dir='ltr'>λοιπόν</span> <span class='ocrx_word' id='word_1_78' title='bbox 1260 916 1361 987; x_wconf 82' lang='grc' dir='ltr'>τῆς</span> <span class='ocrx_word' id='word_1_79' title='bbox 1406 910 1617 987; x_wconf 78' lang='grc' dir='ltr'>ἡμέρης</span> <span class='ocrx_word' id='word_1_80' title='bbox 1669 910 1771 974; x_wconf 78' lang='grc' dir='ltr'>τὰς</span> <span class='ocrx_word' id='word_1_81' title='bbox 1825 914 1948 976; x_wconf 79' lang='grc' dir='ltr'>νέας</span> 
     </span>
     <span class='ocr_line' id='line_1_12' title="bbox 344 996 1948 1112; baseline 0.001 -53"><span class='ocrx_word' id='word_1_82' title='bbox 344 1003 542 1080; x_wconf 79' lang='grc' dir='ltr'>ἔχεσκε</span> <span class='ocrx_word' id='word_1_83' title='bbox 579 1000 664 1061; x_wconf 86' lang='grc' dir='ltr'>ἐπ’</span> <span class='ocrx_word' id='word_1_84' title='bbox 690 1000 987 1082; x_wconf 77' lang='grc' dir='ltr'>ἀγκυρέων·</span> <span class='ocrx_word' id='word_1_85' title='bbox 1002 1000 1267 1112; x_wconf 86' lang='grc' dir='ltr'>παρειχέ</span> <span class='ocrx_word' id='word_1_86' title='bbox 1300 1025 1363 1058; x_wconf 89' lang='grc' dir='ltr'>τε</span> <span class='ocrx_word' id='word_1_87' title='bbox 1399 1002 1553 1060; x_wconf 77' lang='grc' dir='ltr'>τοῖσι</span> <span class='ocrx_word' id='word_1_88' title='bbox 1569 996 1735 1058; x_wconf 85' lang='grc' dir='ltr'>Ἴωσι</span> <span class='ocrx_word' id='word_1_89' title='bbox 1772 999 1948 1061; x_wconf 83' lang='grc' dir='ltr'>πόνον</span> 
     </span>
     <span class='ocr_line' id='line_1_13' title="bbox 342 1083 1947 1169; baseline -0.001 -20"><span class='ocrx_word' id='word_1_90' title='bbox 342 1089 412 1149; x_wconf 85' lang='grc' dir='ltr'>δι’</span> <span class='ocrx_word' id='word_1_91' title='bbox 438 1090 665 1167; x_wconf 89' lang='grc' dir='ltr'>ἡμέρης.</span> <span class='ocrx_word' id='word_1_92' title='bbox 747 1089 918 1169; x_wconf 84' lang='grc' dir='ltr'>μέχρι</span> <span class='ocrx_word' id='word_1_93' title='bbox 942 1090 1047 1166; x_wconf 85' lang='grc' dir='ltr'>μέν</span> <span class='ocrx_word' id='word_1_94' title='bbox 1075 1113 1182 1150; x_wconf 86' lang='grc' dir='ltr'>νυν</span> <span class='ocrx_word' id='word_1_95' title='bbox 1196 1088 1442 1164; x_wconf 82' lang='grc' dir='ltr'>ἡμερέων</span> <span class='ocrx_word' id='word_1_96' title='bbox 1473 1083 1615 1146; x_wconf 81' lang='grc' dir='ltr'>ἑπτα</span> <span class='ocrx_word' id='word_1_97' title='bbox 1658 1087 1947 1148; x_wconf 86' lang='grc' dir='ltr'>ἐπείθοντό</span> 
     </span>
     <span class='ocr_line' id='line_1_14' title="bbox 339 1173 1944 1253; baseline -0.004 -15"><span class='ocrx_word' id='word_1_98' title='bbox 339 1204 403 1238; x_wconf 87' lang='grc' dir='ltr'>τε</span> <span class='ocrx_word' id='word_1_99' title='bbox 439 1179 531 1238; x_wconf 86' lang='grc' dir='ltr'>καὶ</span> <span class='ocrx_word' id='word_1_100' title='bbox 566 1179 782 1239; x_wconf 82' lang='grc' dir='ltr'>ἐποίευν</span> <span class='ocrx_word' id='word_1_101' title='bbox 823 1204 890 1237; x_wconf 88' lang='grc' dir='ltr'>το</span> <span class='ocrx_word' id='word_1_102' title='bbox 933 1174 1427 1253; x_wconf 85' lang='grc' dir='ltr'>κελευόμενον·τῇ</span> <span class='ocrx_word' id='word_1_103' title='bbox 1468 1173 1587 1233; x_wconf 79' lang='grc' dir='ltr'>δὲ’</span> <span class='ocrx_word' id='word_1_104' title='bbox 1561 1174 1654 1242; x_wconf 83' lang='grc' dir='ltr'>επὶ</span> <span class='ocrx_word' id='word_1_105' title='bbox 1687 1174 1944 1253; x_wconf 85' lang='grc' dir='ltr'>ταύτῃσι,</span> 
     </span>
     <span class='ocr_line' id='line_1_15' title="bbox 342 1259 1946 1351; baseline -0.002 -25"><span class='ocrx_word' id='word_1_106' title='bbox 342 1265 423 1347; x_wconf 80' lang='grc' dir='ltr'>[οἱ</span> <span class='ocrx_word' id='word_1_107' title='bbox 436 1266 645 1351; x_wconf 87' lang='grc' dir='ltr'>Ἴωνες]</span> <span class='ocrx_word' id='word_1_108' title='bbox 673 1266 764 1325; x_wconf 77' lang='grc' dir='ltr'>οἷα</span> <span class='ocrx_word' id='word_1_109' title='bbox 789 1264 1083 1327; x_wconf 75' lang='grc' dir='ltr'>ἅπαθέες’</span> <span class='ocrx_word' id='word_1_110' title='bbox 1057 1261 1240 1327; x_wconf 87' lang='grc' dir='ltr'>εόντες</span> <span class='ocrx_word' id='word_1_111' title='bbox 1265 1261 1449 1323; x_wconf 86' lang='grc' dir='ltr'>πόνων</span> <span class='ocrx_word' id='word_1_112' title='bbox 1475 1259 1737 1324; x_wconf 87' lang='grc' dir='ltr'>τοιούτων</span> <span class='ocrx_word' id='word_1_113' title='bbox 1761 1288 1946 1340; x_wconf 82' lang='grc' dir='ltr'>τετρυ-</span> 
     </span>
     <span class='ocr_line' id='line_1_16' title="bbox 340 1348 1946 1430; baseline -0.002 -18"><span class='ocrx_word' id='word_1_114' title='bbox 340 1355 499 1429; x_wconf 89' lang='grc' dir='ltr'>μένοι</span> <span class='ocrx_word' id='word_1_115' title='bbox 539 1379 602 1413; x_wconf 91' lang='grc' dir='ltr'>τε</span> <span class='ocrx_word' id='word_1_116' title='bbox 641 1351 1061 1430; x_wconf 72' lang='grc' dir='ltr'>ταλαιπωρίῃσί</span> <span class='ocrx_word' id='word_1_117' title='bbox 1097 1377 1162 1410; x_wconf 90' lang='grc' dir='ltr'>τε</span> <span class='ocrx_word' id='word_1_118' title='bbox 1201 1349 1295 1410; x_wconf 79' lang='grc' dir='ltr'>καὶ</span> <span class='ocrx_word' id='word_1_119' title='bbox 1335 1348 1521 1427; x_wconf 88' lang='grc' dir='ltr'>ἡελίω,</span> <span class='ocrx_word' id='word_1_120' title='bbox 1566 1349 1764 1418; x_wconf 77' lang='grc' dir='ltr'>ἔλεξαν</span> <span class='ocrx_word' id='word_1_121' title='bbox 1806 1376 1946 1427; x_wconf 89' lang='grc' dir='ltr'>προς</span> 
     </span>
     <span class='ocr_line' id='line_1_17' title="bbox 342 1436 1946 1515; baseline 0 -18"><span class='ocrx_word' id='word_1_122' title='bbox 342 1440 572 1503; x_wconf 78' lang='grc' dir='ltr'>ἑωυτοῦς</span> <span class='ocrx_word' id='word_1_123' title='bbox 590 1439 738 1498; x_wconf 81' lang='grc' dir='ltr'>τάδε·</span> <span class='ocrx_word' id='word_1_124' title='bbox 775 1449 810 1475; x_wconf 84' lang='grc'><strong>“</strong></span> <span class='ocrx_word' id='word_1_125' title='bbox 825 1440 949 1502; x_wconf 81' lang='grc' dir='ltr'>τίνα</span> <span class='ocrx_word' id='word_1_126' title='bbox 975 1437 1250 1515; x_wconf 82' lang='grc' dir='ltr'>δαιμόνων</span> <span class='ocrx_word' id='word_1_127' title='bbox 1274 1436 1634 1514; x_wconf 77' lang='grc' dir='ltr'>παραβάντες</span> <span class='ocrx_word' id='word_1_128' title='bbox 1658 1436 1856 1496; x_wconf 78' lang='grc' dir='ltr'>τάδε’</span> <span class='ocrx_word' id='word_1_129' title='bbox 1819 1464 1946 1498; x_wconf 78' lang='grc' dir='ltr'>ανα-</span> 
     </span>
     <span class='ocr_line' id='line_1_18' title="bbox 340 1525 1945 1605; baseline -0.001 -20"><span class='ocrx_word' id='word_1_130' title='bbox 340 1528 688 1604; x_wconf 86' lang='grc' dir='ltr'>πίμπλαμεν,</span> <span class='ocrx_word' id='word_1_131' title='bbox 711 1528 909 1590; x_wconf 80' lang='grc' dir='ltr'>οἵτινες</span> <span class='ocrx_word' id='word_1_132' title='bbox 932 1525 1476 1605; x_wconf 75' lang='grc' dir='ltr'>παραφρονήσαντες</span> <span class='ocrx_word' id='word_1_133' title='bbox 1504 1525 1596 1583; x_wconf 83' lang='grc' dir='ltr'>καὶ</span> <span class='ocrx_word' id='word_1_134' title='bbox 1618 1525 1945 1588; x_wconf 78' lang='grc' dir='ltr'>ἐκπλώσαν-</span> 
     </span>
     <span class='ocr_line' id='line_1_19' title="bbox 340 1611 1946 1694; baseline 0 -20"><span class='ocrx_word' id='word_1_135' title='bbox 340 1641 432 1678; x_wconf 86' lang='grc' dir='ltr'>τες</span> <span class='ocrx_word' id='word_1_136' title='bbox 466 1620 529 1675; x_wconf 89' lang='grc' dir='ltr'>ἐκ</span> <span class='ocrx_word' id='word_1_137' title='bbox 565 1619 666 1676; x_wconf 79' lang='grc' dir='ltr'>τοῦ</span> <span class='ocrx_word' id='word_1_138' title='bbox 705 1615 851 1685; x_wconf 86' lang='grc' dir='ltr'>νόου,</span> <span class='ocrx_word' id='word_1_139' title='bbox 881 1615 1049 1692; x_wconf 76' lang='grc' dir='ltr'>ἀνδρὶ·</span> <span class='ocrx_word' id='word_1_140' title='bbox 1063 1613 1281 1676; x_wconf 80' lang='grc' dir='ltr'>Φωκαέῖ</span> <span class='ocrx_word' id='word_1_141' title='bbox 1320 1611 1551 1683; x_wconf 77' lang='grc' dir='ltr'>ἀλαζόνι</span> <span class='ocrx_word' id='word_1_142' title='bbox 1583 1614 1946 1694; x_wconf 80' lang='grc' dir='ltr'>παρεχομένῳ</span> 
     </span>
     <span class='ocr_line' id='line_1_20' title="bbox 341 1696 1948 1781; baseline -0.001 -18"><span class='ocrx_word' id='word_1_143' title='bbox 341 1704 467 1767; x_wconf 82' lang='grc' dir='ltr'>νέας</span> <span class='ocrx_word' id='word_1_144' title='bbox 496 1706 644 1781; x_wconf 75' lang='grc' dir='ltr'>τρεῖς</span> <span class='ocrx_word' id='word_1_145' title='bbox 683 1703 1076 1781; x_wconf 78' lang='grc' dir='ltr'>ἐπιτρέψαντες</span> <span class='ocrx_word' id='word_1_146' title='bbox 1106 1696 1288 1777; x_wconf 75' lang='grc' dir='ltr'>,ἡμέας</span> <span class='ocrx_word' id='word_1_147' title='bbox 1319 1699 1516 1764; x_wconf 72' lang='grc' dir='ltr'>αὐτοῦς</span> <span class='ocrx_word' id='word_1_148' title='bbox 1554 1700 1784 1778; x_wconf 69' lang='grc' dir='ltr'>ἔχομεν,</span> <span class='ocrx_word' id='word_1_149' title='bbox 1828 1701 1861 1761; x_wconf 80' lang='grc' dir='ltr'>ὁ</span> <span class='ocrx_word' id='word_1_150' title='bbox 1887 1702 1948 1762; x_wconf 82' lang='grc' dir='ltr'>δὲ</span> 
     </span>
     <span class='ocr_line' id='line_1_21' title="bbox 271 1786 1944 1869; baseline 0.001 -21"><span class='ocrx_word' id='word_1_151' title='bbox 271 1855 277 1861; x_wconf 39' lang='lat'><strong>,</strong></span> <span class='ocrx_word' id='word_1_152' title='bbox 341 1792 696 1869; x_wconf 71' lang='grc' dir='ltr'>παραλαβών</span> <span class='ocrx_word' id='word_1_153' title='bbox 723 1791 914 1868; x_wconf 80' lang='grc' dir='ltr'>ἡμέας,</span> <span class='ocrx_word' id='word_1_154' title='bbox 942 1790 1271 1867; x_wconf 87' lang='grc' dir='ltr'>λυμαίνεται</span> <span class='ocrx_word' id='word_1_155' title='bbox 1302 1787 1522 1867; x_wconf 81' lang='grc' dir='ltr'>λύμῃσι</span> <span class='ocrx_word' id='word_1_156' title='bbox 1563 1786 1944 1863; x_wconf 70' lang='grc' dir='ltr'>ἀνηκέστοισι·</span> 
     </span>
     <span class='ocr_line' id='line_1_22' title="bbox 342 1874 1941 1956; baseline -0.001 -19"><span class='ocrx_word' id='word_1_157' title='bbox 342 1880 436 1938; x_wconf 81' lang='grc' dir='ltr'>καὶ</span> <span class='ocrx_word' id='word_1_158' title='bbox 482 1879 550 1955; x_wconf 80' lang='grc' dir='ltr'>δὴ</span> <span class='ocrx_word' id='word_1_159' title='bbox 592 1880 805 1939; x_wconf 80' lang='grc' dir='ltr'>πολλοὶ</span> <span class='ocrx_word' id='word_1_160' title='bbox 850 1881 954 1956; x_wconf 79' lang='grc' dir='ltr'>μὲν</span> <span class='ocrx_word' id='word_1_161' title='bbox 995 1878 1179 1955; x_wconf 87' lang='grc' dir='ltr'>ἡμέων</span> <span class='ocrx_word' id='word_1_162' title='bbox 1223 1881 1278 1940; x_wconf 83' lang='grc' dir='ltr'>ἐς</span> <span class='ocrx_word' id='word_1_163' title='bbox 1321 1874 1557 1939; x_wconf 84' lang='grc' dir='ltr'>νούσους</span> <span class='ocrx_word' id='word_1_164' title='bbox 1598 1875 1941 1951; x_wconf 73' lang='grc' dir='ltr'>πεπτώκασι,</span> 
     </span>
     <span class='ocr_line' id='line_1_23' title="bbox 341 1963 1941 2035; baseline 0 -11"><span class='ocrx_word' id='word_1_165' title='bbox 341 1967 555 2026; x_wconf 86' lang='grc' dir='ltr'>πολλοὶ</span> <span class='ocrx_word' id='word_1_166' title='bbox 601 1967 660 2025; x_wconf 84' lang='grc' dir='ltr'>δὲ</span> <span class='ocrx_word' id='word_1_167' title='bbox 715 1967 959 2035; x_wconf 74' lang='grc' dir='ltr'>ἐπίδοξοι</span> <span class='ocrx_word' id='word_1_168' title='bbox 1009 1965 1186 2025; x_wconf 81' lang='grc' dir='ltr'>τωυτό</span> <span class='ocrx_word' id='word_1_169' title='bbox 1238 1968 1404 2024; x_wconf 79' lang='grc' dir='ltr'>τοῦτο</span> <span class='ocrx_word' id='word_1_170' title='bbox 1459 1963 1771 2031; x_wconf 83' lang='grc' dir='ltr'>πείσεσθαί</span> <span class='ocrx_word' id='word_1_171' title='bbox 1815 1968 1941 2024; x_wconf 79' lang='grc' dir='ltr'>εἶσι·</span> 
     </span>
     <span class='ocr_line' id='line_1_24' title="bbox 339 2051 1943 2131; baseline 0.001 -21"><span class='ocrx_word' id='word_1_172' title='bbox 339 2053 453 2129; x_wconf 85' lang='grc' dir='ltr'>πρό</span> <span class='ocrx_word' id='word_1_173' title='bbox 476 2079 540 2112; x_wconf 88' lang='grc' dir='ltr'>τε</span> <span class='ocrx_word' id='word_1_174' title='bbox 550 2053 771 2113; x_wconf 85' lang='grc' dir='ltr'>τούτων</span> <span class='ocrx_word' id='word_1_175' title='bbox 796 2056 906 2112; x_wconf 79' lang='grc' dir='ltr'>τῶν</span> <span class='ocrx_word' id='word_1_176' title='bbox 933 2056 1113 2112; x_wconf 79' lang='grc' dir='ltr'>κακῶν</span> <span class='ocrx_word' id='word_1_177' title='bbox 1138 2052 1274 2128; x_wconf 83' lang='grc' dir='ltr'>ἡμῖν</span> <span class='ocrx_word' id='word_1_178' title='bbox 1293 2078 1360 2131; x_wconf 87' lang='grc' dir='ltr'>γε</span> <span class='ocrx_word' id='word_1_179' title='bbox 1387 2052 1633 2126; x_wconf 87' lang='grc' dir='ltr'>κρέσσον</span> <span class='ocrx_word' id='word_1_180' title='bbox 1661 2051 1758 2109; x_wconf 82' lang='grc' dir='ltr'>καὶ</span> <span class='ocrx_word' id='word_1_181' title='bbox 1784 2051 1943 2112; x_wconf 80' lang='grc' dir='ltr'>οτιῶν</span> 
     </span>
     <span class='ocr_line' id='line_1_25' title="bbox 342 2138 1943 2216; baseline 0 -19"><span class='ocrx_word' id='word_1_182' title='bbox 342 2138 498 2197; x_wconf 73' lang='grc' dir='ltr'>ἄλλο</span> <span class='ocrx_word' id='word_1_183' title='bbox 542 2140 769 2200; x_wconf 85' lang='grc' dir='ltr'>παθέειν</span> <span class='ocrx_word' id='word_1_184' title='bbox 811 2140 951 2209; x_wconf 87' lang='grc' dir='ltr'>ἐστὶ,</span> <span class='ocrx_word' id='word_1_185' title='bbox 1003 2140 1095 2198; x_wconf 85' lang='grc' dir='ltr'>καὶ</span> <span class='ocrx_word' id='word_1_186' title='bbox 1140 2139 1243 2214; x_wconf 79' lang='grc' dir='ltr'>τὴν</span> <span class='ocrx_word' id='word_1_187' title='bbox 1294 2139 1623 2216; x_wconf 82' lang='grc' dir='ltr'>μέλλουσαν</span> <span class='ocrx_word' id='word_1_188' title='bbox 1679 2138 1943 2216; x_wconf 82' lang='grc' dir='ltr'>δουληιην</span> 
     </span>
     <span class='ocr_line' id='line_1_26' title="bbox 339 2224 1938 2306; baseline 0 -23"><span class='ocrx_word' id='word_1_189' title='bbox 339 2225 651 2299; x_wconf 69' lang='grc' dir='ltr'>ὑπομεῖναι,</span> <span class='ocrx_word' id='word_1_190' title='bbox 677 2224 797 2301; x_wconf 80' lang='grc' dir='ltr'>ἥτις</span> <span class='ocrx_word' id='word_1_191' title='bbox 837 2227 1011 2295; x_wconf 81' lang='grc' dir='ltr'>ἔσται,</span> <span class='ocrx_word' id='word_1_192' title='bbox 1043 2230 1272 2302; x_wconf 72' lang='grc' dir='ltr'>μᾶλλον</span> <span class='ocrx_word' id='word_1_193' title='bbox 1312 2224 1348 2301; x_wconf 86' lang='grc' dir='ltr'>ἢ</span> <span class='ocrx_word' id='word_1_194' title='bbox 1380 2229 1450 2303; x_wconf 81' lang='grc' dir='ltr'>τῇ</span> <span class='ocrx_word' id='word_1_195' title='bbox 1487 2224 1773 2304; x_wconf 84' lang='grc' dir='ltr'>παρεούσῃ</span> <span class='ocrx_word' id='word_1_196' title='bbox 1811 2251 1938 2306; x_wconf 77' lang='grc' dir='ltr'>συν-</span> 
     </span>
     <span class='ocr_line' id='line_1_27' title="bbox 341 2311 1941 2390; baseline 0.001 -20"><span class='ocrx_word' id='word_1_197' title='bbox 341 2313 592 2390; x_wconf 86' lang='grc' dir='ltr'>έχεσθαι.</span> <span class='ocrx_word' id='word_1_198' title='bbox 662 2314 874 2388; x_wconf 90' lang='grc' dir='ltr'>φέρετε,</span> <span class='ocrx_word' id='word_1_199' title='bbox 902 2318 1002 2372; x_wconf 82' lang='grc' dir='ltr'>τοῦ</span> <span class='ocrx_word' id='word_1_200' title='bbox 1030 2318 1237 2373; x_wconf 83' lang='grc' dir='ltr'>λοιποῦ</span> <span class='ocrx_word' id='word_1_201' title='bbox 1262 2313 1343 2390; x_wconf 84' lang='grc' dir='ltr'>μὴ</span> <span class='ocrx_word' id='word_1_202' title='bbox 1371 2311 1692 2387; x_wconf 81' lang='grc' dir='ltr'>πειθώμεθα</span> <span class='ocrx_word' id='word_1_203' title='bbox 1720 2311 1941 2372; x_wconf 78' lang='grc' dir='ltr'>αὖτοῦ.”</span> 
     </span>
     <span class='ocr_line' id='line_1_28' title="bbox 338 2399 1940 2476; baseline 0.001 -18"><span class='ocrx_word' id='word_1_204' title='bbox 338 2404 519 2459; x_wconf 78' lang='grc' dir='ltr'>ταῦτα</span> <span class='ocrx_word' id='word_1_205' title='bbox 546 2400 758 2469; x_wconf 80' lang='grc' dir='ltr'>ἔλεξαν·</span> <span class='ocrx_word' id='word_1_206' title='bbox 779 2472 781 2476; x_wconf 14' lang='lat'><strong>¹</strong></span> <span class='ocrx_word' id='word_1_207' title='bbox 801 2402 891 2459; x_wconf 85' lang='grc' dir='ltr'>καὶ</span> <span class='ocrx_word' id='word_1_208' title='bbox 917 2401 1060 2476; x_wconf 74' lang='grc' dir='ltr'>μετὰ</span> <span class='ocrx_word' id='word_1_209' title='bbox 1086 2405 1262 2460; x_wconf 81' lang='grc' dir='ltr'>ταῦτα</span> <span class='ocrx_word' id='word_1_210' title='bbox 1289 2400 1483 2459; x_wconf 72' lang='grc' dir='ltr'>αὐτίκα</span> <span class='ocrx_word' id='word_1_211' title='bbox 1516 2400 1813 2459; x_wconf 86' lang='grc' dir='ltr'>πείθεσθαι</span> <span class='ocrx_word' id='word_1_212' title='bbox 1854 2399 1940 2460; x_wconf 79' lang='grc' dir='ltr'>ού-</span> 
     </span>
     <span class='ocr_line' id='line_1_29' title="bbox 339 2486 1939 2565; baseline 0.001 -20"><span class='ocrx_word' id='word_1_213' title='bbox 339 2487 449 2551; x_wconf 86' lang='grc' dir='ltr'>δεις</span> <span class='ocrx_word' id='word_1_214' title='bbox 473 2486 663 2563; x_wconf 87' lang='grc' dir='ltr'>ἤθελε·</span> <span class='ocrx_word' id='word_1_215' title='bbox 706 2488 851 2557; x_wconf 71' lang='grc' dir='ltr'>ἀλλ’,</span> <span class='ocrx_word' id='word_1_216' title='bbox 882 2489 972 2547; x_wconf 79' lang='grc' dir='ltr'>οἷα</span> <span class='ocrx_word' id='word_1_217' title='bbox 1000 2488 1255 2565; x_wconf 78' lang='grc' dir='ltr'>στρατιή,</span> <span class='ocrx_word' id='word_1_218' title='bbox 1284 2487 1494 2563; x_wconf 69' lang='grc' dir='ltr'>σκηνάς</span> <span class='ocrx_word' id='word_1_219' title='bbox 1531 2513 1592 2546; x_wconf 92' lang='grc' dir='ltr'>τε</span> <span class='ocrx_word' id='word_1_220' title='bbox 1630 2487 1939 2564; x_wconf 77' lang='grc' dir='ltr'>πηξάμενοι</span> 
     </span>
     <span class='ocr_line' id='line_1_30' title="bbox 338 2573 1937 2686; baseline 0 -52"><span class='ocrx_word' id='word_1_221' title='bbox 338 2580 397 2635; x_wconf 83' lang='grc' dir='ltr'>ἐν</span> <span class='ocrx_word' id='word_1_222' title='bbox 431 2579 504 2654; x_wconf 82' lang='grc' dir='ltr'>τῇ</span> <span class='ocrx_word' id='word_1_223' title='bbox 539 2575 693 2656; x_wconf 81' lang='grc' dir='ltr'>νήσω</span> <span class='ocrx_word' id='word_1_224' title='bbox 734 2577 1218 2686; x_wconf 82' lang='grc' dir='ltr'>ε’σκιῃτροφέοντο,</span> <span class='ocrx_word' id='word_1_225' title='bbox 1247 2576 1338 2634; x_wconf 84' lang='grc' dir='ltr'>καὶ</span> <span class='ocrx_word' id='word_1_226' title='bbox 1366 2575 1653 2651; x_wconf 86' lang='grc' dir='ltr'>ἐσβαίνειν</span> <span class='ocrx_word' id='word_1_227' title='bbox 1689 2573 1789 2633; x_wconf 76' lang='grc' dir='ltr'>οὐκ</span> <span class='ocrx_word' id='word_1_228' title='bbox 1825 2575 1937 2634; x_wconf 79' lang='grc' dir='ltr'>ἐθέ-</span> 
     </span>
     <span class='ocr_line' id='line_1_31' title="bbox 249 2662 1939 2740; baseline 0.001 -18"><span class='ocrx_word' id='word_1_229' title='bbox 249 2665 320 2722; x_wconf 90' lang='grc'>13</span> <span class='ocrx_word' id='word_1_230' title='bbox 343 2667 551 2724; x_wconf 86' lang='grc' dir='ltr'>λεσκον</span> <span class='ocrx_word' id='word_1_231' title='bbox 593 2669 647 2728; x_wconf 85' lang='grc' dir='ltr'>ἐς</span> <span class='ocrx_word' id='word_1_232' title='bbox 680 2690 797 2727; x_wconf 78' lang='grc' dir='ltr'>τας·</span> <span class='ocrx_word' id='word_1_233' title='bbox 815 2666 955 2735; x_wconf 85' lang='grc' dir='ltr'>νέας,</span> <span class='ocrx_word' id='word_1_234' title='bbox 993 2663 1106 2724; x_wconf 73' lang='grc' dir='ltr'>οὐδ’</span> <span class='ocrx_word' id='word_1_235' title='bbox 1133 2662 1562 2740; x_wconf 72' lang='grc' dir='ltr'>ἀναπειρᾶσθαι.</span> <span class='ocrx_word' id='word_1_236' title='bbox 1647 2662 1939 2725; x_wconf 82' lang='grc' dir='ltr'>Μαθόντες</span> 
     </span>
     <span class='ocr_line' id='line_1_32' title="bbox 342 2750 1938 2833; baseline -0.001 -24"><span class='ocrx_word' id='word_1_237' title='bbox 342 2751 404 2809; x_wconf 81' lang='grc' dir='ltr'>δὲ</span> <span class='ocrx_word' id='word_1_238' title='bbox 431 2777 607 2812; x_wconf 79' lang='grc' dir='ltr'>ταυτα</span> <span class='ocrx_word' id='word_1_239' title='bbox 644 2752 909 2833; x_wconf 86' lang='grc' dir='ltr'>γινόμενα</span> <span class='ocrx_word' id='word_1_240' title='bbox 944 2757 1002 2811; x_wconf 83' lang='grc' dir='ltr'>ἐκ</span> <span class='ocrx_word' id='word_1_241' title='bbox 1029 2756 1140 2813; x_wconf 77' lang='grc' dir='ltr'>τῶν</span> <span class='ocrx_word' id='word_1_242' title='bbox 1164 2750 1361 2811; x_wconf 88' lang='grc' dir='ltr'>Ἰωνων</span> <span class='ocrx_word' id='word_1_243' title='bbox 1394 2754 1448 2810; x_wconf 79' lang='grc' dir='ltr'>οἱ</span> <span class='ocrx_word' id='word_1_244' title='bbox 1480 2750 1794 2830; x_wconf 85' lang='grc' dir='ltr'>στρατηγοὶ</span> <span class='ocrx_word' id='word_1_245' title='bbox 1831 2754 1938 2809; x_wconf 81' lang='grc' dir='ltr'>τῶν</span> 
     </span>
     <span class='ocr_line' id='line_1_33' title="bbox 338 2838 1937 2917; baseline -0.001 -14"><span class='ocrx_word' id='word_1_246' title='bbox 338 2840 593 2916; x_wconf 80' lang='grc' dir='ltr'>Σαμίων,·</span> <span class='ocrx_word' id='word_1_247' title='bbox 609 2840 844 2899; x_wconf 84' lang='grc' dir='ltr'>ἐνθαῦτα</span> <span class='ocrx_word' id='word_1_248' title='bbox 885 2839 952 2915; x_wconf 81' lang='grc' dir='ltr'>δὴ</span> <span class='ocrx_word' id='word_1_249' title='bbox 994 2839 1126 2917; x_wconf 85' lang='grc' dir='ltr'>παρ’</span> <span class='ocrx_word' id='word_1_250' title='bbox 1153 2838 1388 2902; x_wconf 79' lang='grc' dir='ltr'>Αἰάκεος</span> <span class='ocrx_word' id='word_1_251' title='bbox 1428 2841 1530 2899; x_wconf 85' lang='grc' dir='ltr'>τοῦ</span> <span class='ocrx_word' id='word_1_252' title='bbox 1572 2839 1937 2902; x_wconf 78' lang='grc' dir='ltr'>Συλοσῶντος</span> 
     </span>
     <span class='ocr_line' id='line_1_34' title="bbox 338 2925 1937 3008; baseline 0 -23"><span class='ocrx_word' id='word_1_253' title='bbox 338 2928 548 2991; x_wconf 86' lang='grc' dir='ltr'>κείνους</span> <span class='ocrx_word' id='word_1_254' title='bbox 582 2926 713 2989; x_wconf 72' lang='grc' dir='ltr'>τούς</span> <span class='ocrx_word' id='word_1_255' title='bbox 745 2926 1014 3004; x_wconf 84' lang='grc' dir='ltr'>πρότερον</span> <span class='ocrx_word' id='word_1_256' title='bbox 1052 2930 1261 3006; x_wconf 84' lang='grc' dir='ltr'>ἔπεμπε</span> <span class='ocrx_word' id='word_1_257' title='bbox 1303 2926 1511 3008; x_wconf 83' lang='grc' dir='ltr'>λόγους</span> <span class='ocrx_word' id='word_1_258' title='bbox 1536 2925 1568 2985; x_wconf 81' lang='grc' dir='ltr'>ὁ</span> <span class='ocrx_word' id='word_1_259' title='bbox 1597 2925 1827 3002; x_wconf 77' lang='grc' dir='ltr'>Αἰάκης,</span> <span class='ocrx_word' id='word_1_260' title='bbox 1854 2952 1937 2985; x_wconf 89' lang='grc' dir='ltr'>κε-</span> 
     </span>
     <span class='ocr_line' id='line_1_35' title="bbox 338 3013 1938 3092; baseline 0.001 -19"><span class='ocrx_word' id='word_1_261' title='bbox 338 3015 610 3076; x_wconf 88' lang='grc' dir='ltr'>λευόντων</span> <span class='ocrx_word' id='word_1_262' title='bbox 648 3017 760 3073; x_wconf 79' lang='grc' dir='ltr'>τῶν</span> <span class='ocrx_word' id='word_1_263' title='bbox 802 3016 1085 3090; x_wconf 81' lang='grc' dir='ltr'>Περσέων,</span> <span class='ocrx_word' id='word_1_264' title='bbox 1135 3013 1390 3092; x_wconf 81' lang='grc' dir='ltr'>δεόμενός</span> <span class='ocrx_word' id='word_1_265' title='bbox 1444 3021 1639 3090; x_wconf 87' lang='grc' dir='ltr'>σφεων</span> <span class='ocrx_word' id='word_1_266' title='bbox 1695 3018 1938 3074; x_wconf 81' lang='grc' dir='ltr'>ἐκλιπεῖν</span> 
     </span>
     <span class='ocr_line' id='line_1_36' title="bbox 337 3101 1937 3180; baseline 0 -18"><span class='ocrx_word' id='word_1_267' title='bbox 337 3103 440 3178; x_wconf 80' lang='grc' dir='ltr'>τήν</span> <span class='ocrx_word' id='word_1_268' title='bbox 464 3103 661 3163; x_wconf 83' lang='grc' dir='ltr'>Ἰώνων</span> <span class='ocrx_word' id='word_1_269' title='bbox 687 3102 1168 3179; x_wconf 73' lang='grc' dir='ltr'>συμμαχίην,-οῖ</span> <span class='ocrx_word' id='word_1_270' title='bbox 1189 3103 1393 3179; x_wconf 80' lang='grc' dir='ltr'>Σάμιοι</span> <span class='ocrx_word' id='word_1_271' title='bbox 1418 3102 1509 3172; x_wconf 77' lang='grc' dir='ltr'>ὧν,</span> <span class='ocrx_word' id='word_1_272' title='bbox 1533 3101 1798 3180; x_wconf 84' lang='grc' dir='ltr'>ὁρέωντες</span> <span class='ocrx_word' id='word_1_273' title='bbox 1823 3101 1937 3179; x_wconf 81' lang='grc' dir='ltr'>ἅμα</span> 
     </span>
     <span class='ocr_line' id='line_1_37' title="bbox 336 3188 1937 3267; baseline 0.001 -18"><span class='ocrx_word' id='word_1_274' title='bbox 336 3193 442 3267; x_wconf 84' lang='grc' dir='ltr'>μὲν</span> <span class='ocrx_word' id='word_1_275' title='bbox 468 3195 673 3251; x_wconf 85' lang='grc' dir='ltr'>ἐοῦσαν</span> <span class='ocrx_word' id='word_1_276' title='bbox 700 3188 931 3265; x_wconf 74' lang='grc' dir='ltr'>ἀταξίην</span> <span class='ocrx_word' id='word_1_277' title='bbox 956 3190 1183 3265; x_wconf 80' lang='grc' dir='ltr'>πολλὴν</span> <span class='ocrx_word' id='word_1_278' title='bbox 1214 3195 1274 3248; x_wconf 85' lang='grc' dir='ltr'>ἐκ</span> <span class='ocrx_word' id='word_1_279' title='bbox 1306 3194 1416 3251; x_wconf 82' lang='grc' dir='ltr'>τῶν</span> <span class='ocrx_word' id='word_1_280' title='bbox 1441 3189 1657 3261; x_wconf 77' lang='grc' dir='ltr'>Ἰώνων,</span> <span class='ocrx_word' id='word_1_281' title='bbox 1687 3189 1937 3254; x_wconf 84' lang='grc' dir='ltr'>ἐδέκοντο</span> 
     </span>
    </p>
   </div>
   <div class='ocr_carea' id='block_1_2' title="bbox 2060 5 2076 3200">
    <p class='ocr_par' dir='ltr' id='par_1_2' title="bbox 2060 5 2076 3200">
     <span class='ocr_line' id='line_1_38' title="bbox 2060 5 2076 3200; baseline 0 0"><span class='ocrx_word' id='word_1_282' title='bbox 2060 5 2076 3200; x_wconf 95' lang='lat' dir='ltr'> </span> 
     </span>
    </p>
   </div>
   <div class='ocr_carea' id='block_1_3' title="bbox 2061 5 2077 3399">
    <p class='ocr_par' dir='ltr' id='par_1_3' title="bbox 2061 5 2077 3399">
     <span class='ocr_line' id='line_1_39' title="bbox 2061 5 2077 3399; baseline 0 0"><span class='ocrx_word' id='word_1_283' title='bbox 2061 5 2077 3399; x_wconf 95' lang='lat' dir='ltr'> </span> 
     </span>
    </p>
   </div>
  </div>
 </body>
</html>
