2100 3409
202 18 520 85 149-152]
884 20 1254 73 ΠΟΛΤΜΝΙΑ.
1747 33 1835 82 181

207 99 514 177 οὐδαμοῦς
548 99 783 176 μέζονας
822 96 1005 176 ὖμέων
1039 97 1203 169 ἅξω.”
1283 105 1456 162 ταῦτα
1496 102 1840 171 ἆκοῦσαντας

204 187 522 269 Ἀργείους
569 188 794 266 λέγεται
835 190 1072 267 πρῆγμα
1114 189 1483 265 ποιήσασθαι,
1527 193 1618 248 καὶ
1663 219 1837 269 παρα-

209 280 428 354 χρῆμα
463 277 567 350 μὲν
605 274 760 333 οὐδὲν
798 276 1316 356 ἐπαγγελλομένους
1355 278 1676 353 μεταιτέειν·
1720 281 1838 340 ἐπεὶ

216 363 296 422 δέ
332 370 519 439 σφεας
563 361 1033 439 παραλαμβάνειν
1072 364 1201 427 τούς
1229 363 1533 441 Ελληνας,
1572 366 1712 426 οὕτω
1753 367 1837 444 δη,

218 451 637 527 ἐπισταμένους
671 447 758 510 ὅτι
794 450 859 510 οὖ
895 450 1287 527 μεταδώσουσι
1321 456 1421 528 τῆς
1453 452 1631 533 ἀρχῆς
1661 461 1837 515 Λακε-

220 538 525 616 δαιμόνιοι,
568 538 888 615 μεταιτέειν,
945 539 1033 599 ἶνα
1082 540 1173 599 ἐπὶ
1227 540 1549 617 προφάσιος
1593 541 1836 622 ἡσυχίην
1869 559 1875 565 ”

220 625 432 707 ἄγωσι.
504 628 822 702 Συμπεσεῖν
842 626 901 685 δὲ
919 625 1172 687 τούτοισι
1198 629 1290 686 καὶ
1314 627 1473 689 τόνδε
1498 629 1596 689 τόν
1622 630 1797 712 λόγον
1814 632 1924 692 151

222 714 475 795 λέγουσί
521 738 664 776 τινες
715 712 1019 788 Ἑλλήνων,
1067 719 1342 774 πολλοῖσι
1397 716 1546 775 ἔτεσι
1597 716 1831 795 ὕστερον

223 801 530 883 γενόμενον
554 799 778 862 τούτων·
819 805 1007 881 τυχεῖν
1035 807 1093 863 ἐν
1122 802 1396 866 Σούσοισι
1426 806 1577 864 τοῖσι
1612 812 1832 881 Μεμνο-

178 910 207 927 “
223 890 400 949 νίοισι
456 889 644 953 ἐόντας
680 889 883 966 ’ἐτέρου
935 890 1262 972 πρήγματος
1322 893 1499 952 εἵνεκα
1559 891 1831 974 οἷγγέλους

223 976 551 1053 Ἀθηναίων,
575 979 840 1053 Καλλίην
864 1004 925 1038 τε
951 978 1049 1039 τόν
1075 977 1395 1040 Ἱππονίκου
1423 981 1513 1040 καὶ
1537 981 1665 1044 τούς
1687 982 1830 1057 μετσῖ

223 1066 428 1126 τούτου
469 1065 807 1143 ἀναβάντας·
847 1065 1134 1148 Ἀργείους
1174 1066 1251 1136 δὲ,
1287 1067 1384 1128 τᾶν
1426 1067 1593 1128 αὐτὸν
1632 1073 1829 1129 τοῦτον

214 1154 432 1233 χρόνον
469 1156 795 1233 πέμψαντας
827 1154 918 1213 καὶ
952 1153 1180 1218 τούτους
1219 1159 1273 1217 ἐς
1309 1157 1503 1218 Σοῦσα
1537 1154 1826 1236 ἀγγέλους,

226 1246 458 1320 εἰρωτᾶν
482 1242 849 1320 Ἀρταξέρξεα
879 1242 978 1302 τὸν
1011 1242 1227 1319 Ξέρξεω
1262 1243 1312 1302 εἴ
1344 1249 1456 1318 σφι
1492 1244 1572 1302 ἔτι
1608 1245 1828 1320 ἐμμένει

221 1331 330 1406 τήν
350 1331 490 1407 πρός
517 1332 727 1408 Ξέρξεα
749 1332 947 1407 φιλίην
968 1331 1431 1409 συνεκεράσαντο,
1452 1330 1489 1407 ἦ
1510 1332 1826 1408 νομιζοίατο

222 1416 366 1496 πρός
395 1416 563 1478 αὐτοῦ
592 1419 731 1479 εἶναι
756 1419 1055 1495 πολέμιοι;
1095 1420 1351 1494 βασιλέα
1376 1419 1434 1478 δὲ
1460 1417 1827 1498 Ἀρταξέρξεα

218 1505 482 1583 μάλιστα
508 1506 759 1583 ἐμμένειν
781 1504 973 1583 φάναι,
995 1507 1086 1566 καὶ
1113 1506 1372 1584 οὐδεμίαν
1392 1510 1630 1584 νομίζειν
1656 1508 1825 1570 πόλιν

211 1593 457 1676 Ἄργεος
496 1595 850 1672 φιλιωτέρην.
932 1599 1004 1654 Εἰ
1041 1596 1147 1671 μέν
1181 1620 1274 1655 νυν
1314 1596 1524 1671 Ξέρξης
1558 1621 1619 1654 τε
1652 1595 1784 1654 ἀπέ-
1804 1598 1919 1657 152

216 1691 414 1760 πεμψε
431 1685 608 1743 ταῦτα
625 1684 866 1762 λέγοντα
890 1683 1102 1760 κήρυκα
1125 1687 1178 1745 ἐς
1195 1680 1421 1761 Ἄργος,
1445 1683 1536 1739 καὶ
1561 1679 1825 1761 Ἀργείων

215 1768 459 1851 ἄγγελοι
485 1767 792 1846 ἀναβάντες
818 1775 872 1833 ἐς
907 1771 1103 1834 Σοῦσα
1129 1767 1433 1847 ἐπειρώτων
1457 1767 1823 1845 Ἀρταξέρξεα

213 1860 349 1936 περὶ
398 1860 608 1934 φιλίης,
659 1857 756 1917 οὐκ
812 1859 918 1935 ἔχω
965 1855 1230 1933 ἀτρεκέως
1279 1859 1465 1916 εἰπεῖν·
1523 1853 1652 1914 οὖδέ
1699 1882 1822 1916 τινα

211 1944 447 2027 γνώμην
471 1945 598 2020 περὶ
629 1943 805 2005 αὐτῶν
831 1943 1221 2020 ἀποφαίνομαι
1251 1944 1436 2020 ἄλλην
1459 1969 1527 2025 γε
1553 1942 1590 2020 ἢ
1616 1942 1821 2022 τήνπερ

161 2072 165 2077 ·
213 2032 378 2092 αὐτοὶ
431 2030 677 2111 Ἀργεῖοι
728 2032 983 2113 λέγουσι.
1077 2031 1406 2113 [ἐπίσταμαι
1453 2032 1512 2091 δὲ
1563 2035 1819 2102 τοσοῦτο,

212 2121 322 2191 ὅτι,
369 2124 419 2181 εἰ
464 2120 665 2183 πάντες
704 2118 985 2197 ἅνθρωποι
1023 2121 1098 2181 ‘ni'
1144 2121 1325 2197 οἶκήϊα
1365 2120 1508 2181 κακοὶ
1550 2124 1604 2183 ἐς
1643 2120 1822 2197 μέσον

213 2208 588 2269 συνενείκαιεν
632 2207 992 2279 ἀλλάξασθαι
1032 2207 1377 2286 βουλόμενοι
1418 2212 1572 2270 τοῖσι
1613 2208 1819 2283 πλησί-

214 2322 353 2367 οισι,
381 2295 722 2378 ἐγκύψαντες
746 2293 813 2354 ἂν
840 2301 894 2359 ἐς
923 2296 994 2355 τοὶ
1020 2301 1132 2356 τῶν
1155 2298 1331 2360 πέλας
1358 2296 1500 2357 κακοὶ
1525 2296 1821 2360 ἀσπασίως

215 2385 449 2445 ἔκαστοι
487 2383 666 2443 αὐτῶν
689 2381 1072 2461 ἀποφεροίατο
1104 2383 1286 2444 ὀπίσω
1320 2385 1391 2443 τοῖ
1430 2383 1818 2465 ἐσενείκαντο·]

214 2473 359 2533 οὕτω
390 2473 460 2549 δὴ
489 2498 588 2532 ουκ
613 2471 922 2553 Ἀργείοισι
957 2473 1232 2550 αἴσχιστα
1260 2472 1574 2547 πεποίηται·
1620 2471 1726 2552 ἐγω
1760 2471 1820 2531 δὲ

213 2560 431 2637 οφείλω
474 2560 660 2641 λέγειν
700 2586 773 2620 τα
811 2559 1107 2642 λεγόμενα,
1152 2559 1449 2619 πείθεσθαί
1484 2584 1554 2639 γε
1598 2559 1712 2637 μὴν
1754 2586 1819 2618 ου

211 2648 546 2709 παντάπασι
572 2647 803 2724 ὀφεῦιω·
846 2648 944 2708 καί
971 2674 1073 2726 μοι
1104 2652 1271 2708 τοῦτο
1302 2645 1368 2707 τὸ
1403 2647 1534 2710 ἔπος
1564 2647 1731 2726 ἐχέτω
1766 2651 1820 2708 ἐς

209 2737 399 2795 πάντα
437 2736 538 2797 τόν
576 2736 769 2818 λόγον·
812 2738 932 2796 ἐπεὶ
973 2737 1066 2796 καὶ
1103 2740 1278 2796 ταῦτα
1316 2735 1557 2817 λέγεται,
1602 2734 1671 2797 ὦς
1711 2732 1818 2810 ἄρα

207 2823 461 2905 Ἀργεῖοι
500 2824 650 2901 ἦσαν
693 2828 747 2884 οἱ
792 2823 1257 2901 ἐπικαλεσάμενοι
1301 2823 1400 2883 τὸν
1448 2824 1681 2899 Πέρσην
1728 2821 1819 2879 ἐπὶ

208 2913 317 2988 τήν
340 2911 614 2983 Ἑλλάδα,
642 2913 830 2989 ἐπειδή
867 2918 980 2988 σφι
1014 2911 1159 2988 πρὸς
1188 2937 1318 2975 τους
1352 2908 1819 2984 Λακεδαιμονίους

213 3005 394 3063 κακῶς
439 2999 479 3076 ἦ
527 3000 702 3080 αἰχμὴ
751 2998 995 3077 ἑστήκεε,
1039 3026 1153 3062 παν
1199 2998 1267 3078 δή
1316 2991 1661 3078 βουλόμενοι’
1705 2998 1819 3067 σφι

213 3088 356 3148 εἶναι
387 3088 500 3165 πρό
531 3094 631 3163 τῆς
661 3088 980 3166 παρεούσης
1009 3089 1215 3164 λύπης.
1296 3088 1369 3148 τοὶ
1403 3089 1507 3161 μὲν
1537 3082 1663 3156 περὶ
1687 3079 1815 3156 Ἀρ·-

211 3177 379 3258 γείων
406 3176 636 3252 εἴρηται.

234 3259 257 3306 I
267 3259 395 3305 T--l
412 3264 438 3305 5
