2100 3409
333 41 427 89 196
951 38 1317 88 ἨΡΟΔΟΤΟὙ
1766 35 1910 101 [VII.

330 116 573 183 Σκιάθου
599 142 661 178 τε
683 117 774 178 καὶ
799 119 1155 199 Μαγνησίης,
1184 115 1524 194 καλεόμενον
1548 117 1608 177 δὲ
1626 116 1909 194 Μύρμηκα.

333 207 569 266 ἐνθαῦτα
601 209 655 265 οἱ
680 206 972 283 βάρβαροι
998 206 1187 281 ἐπειδὴ
1220 205 1441 281 στήλην
1467 207 1632 265 λίθου
1659 206 1909 279 ἐπέθηκαν

331 294 663 371 κομίσαντες
689 294 779 352 ἐπὶ
803 294 869 353 τό
897 294 1058 371 ἕρμα,
1076 293 1409 369 ὁρμηθέντες
1435 293 1594 353 αὐτοὶ
1615 298 1673 352 ἐκ
1690 293 1900 369 Θέρμης,

330 380 400 445 ὥς
443 389 556 457 σφι
605 381 672 441 τό
728 381 979 457 ἐμποδών
1035 381 1286 461 ἐγεγόνεε
1341 380 1601 457 καθαρὰν,
1657 381 1902 439 ἐπέπλεον

329 468 554 547 πάσῃσι
598 472 734 546 τῇσι
775 469 954 544 νηυσὶ,
1002 468 1191 527 ἕνδεκα
1231 468 1441 545 ἡμέρας
1482 469 1742 545 παρέντες
1761 465 1897 545 ,μετὰ

329 555 435 630 τήν
460 556 737 631 βασιλέος
768 556 1027 624 ἐξέλασιν
1064 561 1125 614 ἐκ
1159 558 1398 632 Θέρμης·
1440 555 1507 615 τὸ
1545 556 1604 614 δὲ
1642 556 1775 632 ἕρμα
1804 559 1897 628 σφι

332 642 706 722 κατηγήσατο,
731 642 821 702 ἐὰν
843 649 900 702 ἐν
919 642 1073 722 πόρῳ
1099 642 1370 719 μάλιστα,
1396 642 1657 719 Πάμμων
1678 641 1893 719 Σκύριος·

331 730 651 807 πανημερόν
677 731 737 790 δὲ
771 730 1053 793 πλώοντες
1085 733 1139 790 οἱ
1178 730 1471 808 βάρβαροι
1503 730 1784 800 ἐξανύουσι
1811 732 1894 803 τῆς

331 820 668 897 Μαγνησίης
692 818 875 896 χώρης
903 819 994 876 ἐπὶ
1026 818 1282 894 Σηπιάδα
1318 844 1380 877 τε
1413 819 1505 876 καὶ
1539 844 1641 878 τον
1670 814 1894 898 αἰγιαλὸν

270 920 275 923 “
332 904 430 964 τόν
446 905 655 982 μεταξύ
674 905 1040 980 Κασθαναίης
1058 929 1122 964 τε
1135 904 1381 967 πόλιος’
1358 904 1519 964 εόντα
1539 931 1632 963 και
1611 903 1893 980 Σηπιάδος

336 991 524 1067 οἶκτῆς.

240 1073 355 1139 Ῑ84
413 1082 602 1161 Μέχρι
652 1081 756 1159 μέν
807 1107 903 1141 νυν
948 1078 1150 1141 τούτου
1194 1083 1296 1139 τοῦ
1348 1079 1530 1159 χώρου
1581 1080 1672 1139 καὶ
1715 1087 1898 1156 Θερμο·

332 1170 565 1239 πυλέων,
594 1169 814 1244 οἷπαθής
847 1192 909 1228 τε
942 1171 1124 1228 κακῶν
1155 1166 1225 1243 ἦν
1251 1166 1283 1227 ὁ
1309 1192 1567 1244 στρατος,
1596 1167 1686 1226 καὶ
1709 1166 1900 1275 πλῆθος

330 1256 401 1331 ἦν
438 1262 736 1332 τηνικαῦτα
775 1259 870 1327 ετι,
900 1283 970 1318 ως
1011 1256 1118 1337 ἐγω
1158 1253 1638 1331 συμβαλλόμενος
1676 1254 1903 1330 ευρίσκω,

330 1343 524 1403 τόσον·
564 1349 673 1403 τῶν
707 1370 810 1420 μεν
848 1349 907 1402 ἐκ
943 1348 1053 1403 τῶν
1084 1347 1219 1403 νεῶν
1245 1345 1353 1402 τῶν
1380 1347 1440 1401 ἐκ
1464 1347 1567 1418 τῆς
1590 1340 1827 1417 Ἀσίης’
1801 1367 1907 1400 eov-

333 1430 478 1489 σέων
520 1429 658 1489 ἑπτὰ
699 1432 790 1489 καὶ
830 1431 1152 1506 διηκοσιέων
1193 1431 1286 1489 καὶ
1315 1430 1557 1510 χιλιέων,
1585 1456 1683 1490 τον
1704 1432 1801 1506 μὲν
1823 1429 1910 1506 ἅρ-

331 1521 496 1595 χαΐον
539 1517 784 1578 ἑκάστων
823 1521 933 1577 τῶν
975 1518 1173 1578 ἐθνέων
1214 1517 1376 1577 ε’όντα
1415 1516 1617 1593 ὅμιλον
1657 1518 1913 1594 τέσσερας

335 1605 428 1663 καὶ
456 1607 634 1665 εἴκοσι
662 1605 945 1683 μυριάδας,
975 1605 1067 1664 καὶ
1095 1604 1252 1682 πρός,
1280 1605 1509 1683 χιλιάδα
1534 1631 1598 1665 τε
1624 1606 1712 1663 καὶ
1737 1630 1915 1681 τετρα-

333 1694 573 1764 κοσίους,
602 1693 672 1758 (εἷς
707 1693 813 1754 civ&
845 1695 1159 1771 διηκοσίους
1193 1693 1393 1770 ἄνδρας
1423 1693 1834 1773 λογιζομένοισι
1864 1698 1918 1753 ἐν

334 1781 542 1861 ἑκάστῃ
582 1783 691 1859 νηΐ·
732 1781 1073 1859 ἐπεβάτευον
1113 1782 1173 1840 δὲ
1213 1782 1306 1840 ἐπὶ
1350 1776 1585 1840 τουτεων
1624 1784 1732 1840 τῶν
1773 1785 1920 1852 νεῶν,

331 1871 499 1948 χωρὶς
534 1870 781 1931 ἑκάστων
813 1874 923 1931 τῶν
960 1869 1280 1951 ἐπιχωρίων,
1320 1869 1631 1944 ἐπιβατέων
1664 1870 1921 1945 Περσέων

332 1982 395 2016 τε
436 1958 527 2018 καὶ
566 1957 776 2035 Μήδων
817 1957 910 2016 καὶ
944 1957 1165 2020 Σακέων
1198 1955 1495 2032 τριήκοντα
1520 1954 1727 2033 ἄνδρες·
1768 1953 1922 2021 οὗτος

330 2044 509 2109 ἄλλος
549 2044 746 2121 ὅμιλος
784 2039 996 2125 γίνεται
1038 2043 1359 2123 τρισμύριοι
1404 2043 1495 2101 καὶ
1541 2043 1921 2122 ἑξακισχίλιοι,

331 2132 423 2190 καὶ
468 2131 624 2207 πρός,
662 2131 941 2205 διηκόσιοί
975 2156 1037 2190 τε
1082 2131 1175 2190 καὶ
1217 2131 1365 2190 δέκα·
1409 2131 1720 2207 προσθήσω
1761 2129 1804 2190 δ’
1847 2132 1923 2190 ἔτι

329 2218 505 2295 τούτῳ
541 2218 632 2276 καὶ
669 2221 748 2296 τῷ
780 2219 1027 2298 προτέρῳ
1063 2216 1279 2297 ἀριθμῷ
1319 2216 1449 2282 τούς
1490 2222 1551 2277 ἐκ
1592 2222 1700 2278 τῶν
1733 2243 1921 2295 πεντη-

332 2305 616 2381 κοντέρων,
643 2303 902 2380 ποιήσας,
929 2304 963 2365 ὅ
987 2331 1044 2366 τι
1069 2306 1247 2366 πλέον
1269 2305 1340 2383 ἦν
1364 2305 1571 2366 αὐτέων
1594 2304 1633 2382 ἦ
1660 2307 1920 2384 ἔλασσον,

335 2389 420 2450 ἀν’
450 2389 765 2472 ογδωκοντα
804 2391 1003 2470 ἄνδρας
1044 2396 1259 2453 ἐνεῖναι·
1302 2394 1617 2473 συνελέχθη
1658 2394 1718 2453 δὲ
1752 2398 1922 2454 ταῦτα

329 2504 402 2539 τα
442 2482 632 2549 πλοῖα,
677 2505 747 2542 ως
793 2480 885 2539 καὶ
926 2479 1200 2558 πρότερόν
1233 2506 1332 2556 μοι
1375 2482 1575 2558 εἰρέθη,
1619 2482 1920 2560 τρισχίλια·

329 2564 513 2641 ᾔδη’
473 2593 547 2626 ων
581 2565 843 2644 ἄνδρες
809 2593 878 2627 αν
916 2567 1023 2627 εἶεν
1058 2572 1117 2627 ἐν
1144 2566 1366 2628 αὐτοῖσι
1391 2567 1657 2646 τέσσερες
1673 2567 1924 2646 μυριάδες

331 2653 424 2711 καὶ
451 2654 640 2713 εἴκοσι.
710 2680 874 2715 τουτο
899 2655 1003 2731 μέν
1030 2680 1127 2715 νυν
1149 2655 1216 2715 τό
1245 2660 1304 2714 ἐκ
1330 2660 1431 2731 τῆς
1454 2653 1656 2732 Ἀσίης
1681 2678 1925 2718 ναυτικον

329 2739 416 2817 ἦν,
435 2740 665 2817 σύμπαν
686 2741 777 2801 ἐόν
796 2741 1138 2818 πεντήκοντα
1157 2742 1416 2820 μυριάδες
1434 2743 1525 2801 καὶ
1544 2743 1667 2820 μία,
1685 2742 1926 2822 χιλιάδες

328 2852 392 2887 τε
435 2829 617 2887 ἔπεισι
659 2829 752 2887 ἐπὶ
783 2829 1020 2908 ταύτῃσι
1057 2829 1213 2900 ἑπτὰ,
1252 2832 1345 2889 καὶ
1387 2830 1544 2909 πρός,
1584 2829 1929 2898 ἑκατοντάδες

331 2915 406 2986 ἓξ,
433 2915 527 2975 καὶ
554 2914 734 2980 δεκάς.
801 2921 901 2976 τοῦ
921 2917 981 2976 δέ
1006 2918 1177 2988 πεζοῦ
1205 2919 1597 2995 ἑβδομήκοντα
1624 2920 1717 2979 καὶ
1742 2919 1932 2982 ἑκατόν

327 3003 588 3082 μυριάδες
631 3005 897 3086 ἐγίνοντο·
965 3009 1076 3066 τῶν
1117 3006 1177 3065 δὲ
1220 3009 1429 3069 ,ἱππέων
1471 3007 1618 3068 ὄκτῶ
1656 3008 1931 3086 μυριάδες”

328 3090 643 3169 προσθήσω
679 3092 726 3153 δ’
756 3095 834 3153 ἔτι
864 3091 1117 3152 τούτοισι
1149 3094 1250 3157 τοὶς
1288 3096 1574 3172 καμήλους
1608 3095 1741 3159 τούς
1774 3096 1936 3159 ἐλαύ-

330 3204 524 3244 νοντας
541 3180 860 3257 Ἀραβίους,
878 3179 970 3237 καὶ
987 3180 1118 3243 τοῦς
1135 3180 1207 3239 τοὶ
1223 3181 1445 3258 ἅρματα
1459 3185 1702 3260 Λίβυας,
1720 3186 1940 3260 πλῆθος
