2100 3409
170 42 398 107 17-20]
823 41 1200 92 nonnum.
1687 48 1777 96 131

171 125 298 184 ἐπεὶ
334 124 395 183 δὲ
428 122 687 201 δαιμονίη
711 147 796 187 τις
817 124 1033 203 γίνεται
1072 121 1240 201 ὄρμη,
1269 148 1363 182 και
1339 122 1784 201 Ἕλληνας,ὦς

174 213 337 282 ἔοικε,
373 211 568 288 φθορή
606 236 693 274 τις
733 209 1164 287 καταλαμβάνει
1206 208 1496 285 θεήλατος,
1540 212 1650 292 ἐγω
1681 214 1785 289 μὲν

172 302 267 360 καὶ
314 298 486 362 αὐτος
528 297 812 376 τράπομαι
855 299 948 357 καὶ
989 298 1093 373 τήν
1134 297 1360 379 γνώμην
1401 299 1782 375 μετατίθεμαι·

172 387 247 448 m)
275 388 340 446 δὲ
368 385 629 465 σήμῃνον
666 388 771 462 μὲν
798 386 1065 464 Πέρσῃσι
1091 411 1165 445 τα
1191 391 1251 445 ἐκ
1277 388 1381 444 τοῦ
1409 386 1539 445 θεοῦ
1571 386 1785 463 πεμπό-

168 501 333 552 μενα,
359 474 617 553 χρῆσθαι
642 473 703 533 δὲ
728 474 919 533 κέλευε
943 477 1099 533 τοῖσι
1126 478 1187 532 ἐκ
1214 473 1317 532 σέο
1343 472 1617 550 πρώτοισι
1651 500 1785 551 προ-

171 563 525 642 ειρημένοισι
553 566 608 624 ἐς
632 560 738 637 τήν
765 560 1145 638 παρασκευήν·
1187 561 1342 621 ποίεε
1369 560 1429 620 δὲ
1449 560 1607 631 οὕτω,
1628 560 1783 633 ὅκως,

166 655 273 711 τοῦ
320 651 455 711 θεοῦ
499 647 914 726 παραδιδόντος,
961 650 1073 708 τῶν
1112 650 1231 708 σῶν
1274 647 1521 724 ἐνδεήσει
1560 648 1785 725 μηδέν.”

168 737 395 797 τούτων
425 736 755 815 λεχθέντων,
789 735 1029 796 ἐνθαῦτα
1064 735 1393 812 ἐπαρθέντες
1426 739 1497 814 τῇ
1538 735 1681 815 ὄψει,
1714 737 1787 802 ὥς

163 825 357 902 ἡμέρη
388 825 607 905 ἐγένετο
631 823 895 903 τάχιστα,
911 823 1123 901 Ξέρξης
1142 849 1204 884 τε
1229 822 1582 901 ὖπερετίθετο
1607 827 1785 885 ταῦτα

165 914 465 991 Πέρσῃσι,
494 912 588 971 καὶ
611 910 1044 989 Ἀρτάβανος,““
1011 938 1073 974 ος
1112 910 1385 989 πρότερον
1416 910 1787 973 ἀποσπεύδων

164 1005 384 1079 μοῦνος
409 1000 686 1080 ἐφαίνετο,
705 999 835 1060 τότε
862 999 1208 1060 ἐπισπεύδων
1235 998 1535 1076 φανερος’
1500 1026 1589 1075 ην.

252 1088 590 1167 Ὧρμημένῳ
622 1088 681 1147 δὲ
706 1086 890 1166 Ξέρξῃ
932 1088 1385 1164 στρατηλατέειν,
1420 1114 1565 1164 μετα
1603 1091 1780 1148 ταῦτα
1803 1091 1876 1149 19

163 1176 335 1253 τρίτη
363 1174 544 1253 ὅψις’
518 1202 575 1235 εν
601 1179 679 1253 τῷ
703 1174 855 1255 ὕπνω
880 1176 1117 1255 ἐγένετο,
1143 1173 1247 1250 τὴν
1272 1178 1327 1234 οἶ
1353 1174 1528 1255 μάγοι
1568 1176 1786 1251 ἔκριναν

164 1262 520 1326 α’κούσαντες
554 1265 745 1340 φέρειν
768 1289 832 1323 τε
860 1262 952 1321 ἐπὶ
977 1287 1173 1321 πασαν
1203 1266 1328 1342 γῆν,
1357 1261 1678 1322 δουλεύσειν
1717 1264 1786 1322 τέ

165 1354 227 1411 οἱ
264 1349 482 1414 πάντας
517 1349 856 1428 ἀνθρώπους.
937 1349 976 1426 ἦ
1017 1349 1079 1409 δὲ
1116 1348 1245 1428 ὄψις
1270 1348 1340 1426 ἦν
1369 1348 1486 1426 ἥδε·
1529 1349 1712 1411 ἐδόκεε
1750 1350 1784 1411 ὁ

165 1439 392 1515 Ξέρξης
435 1438 867 1514 ἐστεφανῶσθαι
910 1438 1102 1514 ἐλαίης
1145 1438 1360 1517 θαλλῷ·
1415 1436 1528 1498 αἶπὸ
1576 1438 1637 1498 δὲ
1681 1442 1787 1515 τῆς

168 1526 373 1601 ἐλαίης
408 1525 540 1589 τούς
571 1525 810 1588 κλάδους
833 1530 943 1607 ’γῆν
973 1529 1169 1587 πᾶσαν
1210 1529 1484 1605 ἐπισχεῖν·
1524 1525 1669 1603 μετὰ
1706 1526 1782 1596 δὲ,

168 1613 571 1689 ἀφανισθῆναι
592 1613 724 1690 περὶ
746 1616 819 1691 τῇ
847 1617 1071 1692 κεφαλῇ
1093 1615 1343 1691 κείμενον
1362 1614 1461 1674 τᾶν
1481 1615 1780 1688 στέφανον.

169 1700 480 1779 κρινάντων
524 1701 585 1760 δὲ
625 1700 800 1780 ταύτῃ
846 1705 955 1761 τῶν
1000 1701 1211 1781 μάγων,
1256 1701 1525 1777 Περσέων
1565 1725 1628 1759 τε
1673 1704 1784 1760 τῶν
1845 1707 1852 1712 “

170 1789 610 1867 συλλεχθέντων
648 1788 847 1849 αυτίκα
889 1793 999 1852 πᾶς
1041 1788 1183 1865 ἀνὴρ
1227 1793 1282 1851 ἐς
1320 1811 1426 1862 την
1466 1786 1647 1865 αρχήν
1680 1787 1785 1861 τήν

171 1880 384 1937 ἑωυτοῦ
424 1874 734 1947 απελάσας,
766 1876 882 1955 εἶχε
921 1875 1239 1954 προθυμίην
1276 1899 1472 1933 πασαν
1507 1875 1599 1932 ἐπὶ
1631 1877 1786 1933 τοῖσι

173 1964 543 2041 εἰρημένοισι,
591 1964 769 2025 θέλων
820 1963 986 2026 αύτὸς
1041 1988 1276 2025 εκαστος
1326 1987 1398 2021 τα
1450 1962 1787 2038 προκείμενα

174 2052 332 2129 δῶρα
373 2053 607 2128 λαβεῖν·
655 2054 748 2110 καὶ
791 2053 1003 2129 Ξέρξης
1041 2055 1144 2111 τοῦ
1180 2053 1426 2127 στρατοῦ
1470 2075 1612 2109 ουτω
1655 2048 1785 2108 ἐπά-

171 2164 378 2220 γερσιν
411 2140 674 2224 ποιέεται,
694 2145 884 2219 χῶρον
919 2138 1106 2205 πάντα
1147 2142 1375 2215 ἐρευνῶν
1403 2141 1504 2213 τῆς
1533 2137 1785 2214 ἠπείρου.

170 2225 324 2287 ’Am-<3
354 2253 469 2308 γαρ
495 2226 783 2307 Αἰγύπτου
813 2227 1132 2296 αλῶσιος,’
1108 2227 1199 2286 επὶ
1236 2230 1341 2303 μὲν
1378 2226 1627 2303 τέσσερα
1661 2227 1785 2285 ἔτεα
1802 2227 1880 2285 20

173 2315 405 2392 πλήρεα
443 2316 787 2392 παραρτέετο
825 2315 1098 2392 στρατιήν
1132 2341 1193 2375 τε
1230 2315 1323 2373 καὶ
1364 2314 1434 2375 τοὶ
1476 2314 1786 2391 πρόσφορα

173 2406 253 2481 τῇ
285 2405 550 2480 στρατιῇ·
591 2403 825 2482 πέμπτῳ
863 2403 922 2461 δὲ
959 2404 1069 2462 ἔτεῖ
1098 2402 1343 2480 ἀνομένῳ
1377 2399 1787 2478 ἐστρατηλάτεε

174 2489 328 2569 χειρὶ
352 2489 580 2571 μεγάλῃ
612 2491 877 2566 πλήθεος.
961 2489 1186 2549 στόλων
1210 2488 1336 2568 γὰρ,
1363 2491 1474 2547 τῶν
1510 2487 1669 2564 ἡμεῖς
1709 2488 1785 2547 ἵδ-

175 2604 300 2655 μεν,
327 2580 532 2656 πολλῷ
571 2577 639 2653 δὴ
678 2578 948 2659 μέγιστος
975 2575 1137 2639 οὗτος
1175 2569 1409 2657 ἐγένετο·
1454 2574 1601 2635 ὥστε
1639 2575 1783 2652 μήτε

175 2664 278 2726 τόν
305 2665 553 2742 Δαρείου
577 2665 676 2727 τᾶν
703 2667 794 2725 ἐπὶ
820 2665 1038 2731 Σκύθας
1061 2664 1217 2741 παρὰ
1241 2667 1442 2723 τοῦτον
1462 2662 1634 2738 μηδὲν
1656 2666 1785 2739 φαί-

178 2754 398 2822 νεσθαι,
440 2752 585 2829 μήτε
617 2753 716 2814 τὸν
743 2752 1034 2822 Σκυθικόν,
1069 2750 1171 2820 ,ὅτε
1203 2749 1414 2815 Σκύθαι
1442 2750 1786 2827 Κιμμερίους

179 2839 469 2904 διώκοντες
496 2847 551 2903 ἐς
575 2841 678 2917 τὴν
705 2840 967 2918 Μηδικήν
989 2838 1179 2919 χώρην
1205 2836 1555 2916 ἐμβαλόντες
1580 2837 1787 2915 σχεδὸν

179 2928 367 2990 πάντα
392 2928 465 2988 vd
492 2926 603 2988 ἅνω
620 2933 721 3004 τῆς
744 2928 944 3005 Ἀσίης
966 2925 1486 3004 καταστρεψάμενοι
1505 2925 1784 2999 ἐνέμοντο·

178 3020 290 3075 τῶν
319 3016 524 3076 εἵνεκεν
563 3016 801 3094 ὕστερον
827 3019 1066 3092 Δαρεῖος
1093 3014 1434 3090 ἐτιμωρέετο·
1474 3008 1617 3086 μήτε
1645 3008 1785 3065 κατὰ

178 3102 252 3163 τοὶ
282 3102 567 3182 λεγόμενα
590 3130 690 3165 τον
711 3103 1088 3181 Ἀτρειδεων’
1061 3127 1117 3163 ες
1132 3101 1329 3168 Ἴλιον,
1356 3096 1498 3174 μήτε
1536 3094 1635 3152 τᾶν
1662 3097 1785 3149 Μυ-

181 3194 301 3252 σῶν
340 3215 407 3250 τε
432 3190 538 3250 καὶ
564 3196 817 3271 Τευκρῶν
855 3190 956 3251 τὸν
993 3215 1107 3266 προ
1147 3191 1258 3247 τῶν
1281 3184 1536 3261 Τρωῖκῶν
1560 3201 1784 3256 γενομε-
