2100 3409
233 74 508 140 97-100]
864 74 1252 125 -ΚΑΑΛῙΟΠΗ,
1756 74 1853 127 32⁷

234 160 329 237 τῷ
375 156 612 236 αἰγιαλῷ
651 152 724 215 τὰ
765 154 1023 232 μάλιστα
1063 154 1420 233 Λευτυχίδης,
1465 153 1578 216 ὕπὸ
1621 152 1855 231 κήρυκος

237 242 599 325 προηγόρευε
624 246 777 304 τοῖσι
793 242 957 302 Ἴωσι
981 244 1182 324 λέγων·
1241 254 1276 279 “
1292 241 1485 320 ἄνδρες
1508 241 1694 306 Ἴωνες
1726 242 1855 303 ὅσοι

238 332 433 410 ὑμέων
482 331 825 412 τυγχάνουσι
879 331 1256 413 ἐπακούοντες,
1304 330 1511 408 μάθετε
1562 329 1633 391 vd
1685 332 1853 411 λέγω·

239 418 470 482 πάντως
494 418 605 500 γσῖρ
644 417 800 478 οὐδὲν
835 417 1156 494 συνήσουσι
1185 419 1409 495 Πέρσαι
1444 424 1552 479 τῶν
1584 417 1693 499 ἐγώ
1724 418 1857 495 ύμῖν

243 508 606 584 ἐντέλλομαι·
675 505 841 566 ἐπεὰν
895 506 1321 587 συμμίσγωμεν,
1360 508 1692 583 μεμνῆσθαί
1729 532 1855 566 τινα

241 594 364 674 χρὴ
406 594 721 671 ἐλευθερίης
763 595 868 671 μὲν
911 593 1134 654 πάντων
1177 597 1416 672 πρῶτον,
1456 594 1599 673 μετὰ
1638 595 1713 666 δὲ,
1752 599 1855 655 τοῦ

245 681 612 759 συνθήματος
625 681 841 758 Ἥβης·
884 682 976 740 καὶ
1000 681 1135 741 τάδε
1161 681 1301 741 ἴστω
1328 682 1421 741 καὶ
1452 681 1484 742 ὁ
1513 683 1595 759 μὴ
1624 682 1853 743 ἐσακού-

244 795 363 832 σας
417 769 599 845 ύμέων
650 768 791 846 πρός
856 774 957 829 τοῦ
1016 768 1478 833 ἐπακούσαντος.”
1560 770 1732 835 ‹fibras-
1782 770 1853 845 δή

247 853 415 920 οὗτος
440 856 543 917 ἐῶν
566 856 831 938 τυγχάνει
855 857 981 919 νόος
1014 861 1117 916 τοῦ
1151 856 1481 938 πρήγματος
1511 859 1603 917 καὶ
1627 858 1661 918 ὁ
1686 865 1852 937 Θεμι-

245 945 525 1008 στοκλέος
563 944 597 1006 ὁ
638 944 723 1004 ἐπ’
761 943 1117 1024 Ἀρτεμισίῳ·
1158 943 1196 1021 ἢ
1235 945 1347 1025 γὰρ
1387 945 1456 1021 δὴ
1496 946 1744 1007 λαθόντα
1781 946 1854 1007 ταῖ

242 1030 475 1109 ῥήματα
496 1032 627 1095 τοῦς
650 1032 983 1110 βαρβάρους
1010 1035 1216 1109 ἔμελλε
1245 1033 1377 1096 τούς
1393 1032 1589 1097 Ἴωνας
1620 1037 1850 1104 πείσειν,

243 1118 284 1196 ἦ
315 1120 505 1180 ἔπειτα
537 1119 921 1199 ἀνενειχθέντα
958 1124 1013 1183 ἐς
1044 1119 1175 1183 τους
1211 1121 1561 1197 βαρβάρους,
1595 1122 1853 1198 ποιήσειν

244 1206 525 1272 ἀπίστους
550 1207 728 1290 [τοῖσι
742 1206 1042 1288 Ἔλλησι].

331 1296 676 1375 Λευτυχίδεω
701 1296 762 1355 δὲ
784 1300 961 1356 ταῦτα
985 1294 1345 1372 ὑποθεμένου,
1374 1295 1598 1374 δεύτερα
1625 1296 1695 1373 δή
1721 1297 1851 1358 τάδε
1868 1301 1946 1359 99

184 1399 189 1403 ’
247 1383 470 1444 ἐποίευν
497 1387 550 1443 οἱ
563 1383 859 1460 Ἕλληνες·
886 1382 1236 1463 προσχόντες
1260 1382 1361 1448 τάς
1387 1385 1528 1455 νέας,
1549 1384 1853 1462 ἀπέβησαν

246 1478 308 1535 ἐς
346 1473 447 1533 τόν
484 1471 760 1552 αἰγιαλόν·
830 1473 923 1531 καὶ
962 1471 1116 1532 οὗτοι
1153 1474 1259 1548 μὲν
1298 1472 1629 1534 ἐτάσσοντο·
1680 1475 1753 1535 ὀῖ
1793 1475 1853 1534 δὲ

248 1561 478 1637 Πέρσαι
513 1560 584 1623 ὦς
616 1559 762 1620 εἶδον
787 1561 914 1623 τούς
942 1558 1233 1635 Ἕλληνας
1262 1564 1853 1639 παρασκευαζομένους

247 1654 307 1712 ἐς
330 1647 536 1727 μάχην,
566 1649 657 1707 καὶ
687 1651 841 1708 τοῖσι
863 1646 1026 1707 Ἴωσι
1062 1649 1521 1724 παραινέσαντας,
1549 1654 1716 1711 τοῦτο
1750 1653 1853 1727 μὲν

244 1735 661 1811 υπονοήσαντες
700 1762 829 1799 τους
865 1736 1109 1828 Σαμίους
1147 1760 1222 1794 τα
1253 1734 1544 1811 Ἑλλήνων
1579 1738 1849 1813 φρονέειν,

245 1823 609 1901 ἀπαιρέονται
634 1851 705 1883 τα
732 1823 1001 1883 ὅπλα·οἶ
1024 1821 1136 1904 γὰρ
1165 1821 1239 1882 ὦν
1265 1822 1542 1899 Σάμιοι,’
1507 1827 1852 1902 απικομένων

167 1990 174 1997 ,
244 1911 557 1987 Ἀθηναίων
598 1911 966 1992 αἰχμαλώτων
1010 1916 1070 1971 ἐν
1109 1914 1248 1990 τῇσι
1280 1912 1446 1986 νηυσὶ
1481 1915 1591 1972 τῶν
1624 1914 1851 1990 βαρβά-

244 2025 377 2076 ρων,
403 1998 532 2063 τούς
558 1999 773 2075 ἔλαβον
801 1998 908 2058 ἀνὰ
940 1998 1043 2074 τήν
1077 1997 1338 2073 Ἀττικὴν
1374 2000 1771 2076 λελειμμένους
1797 2003 1851 2059 οἱ

246 2087 484 2164 Ξέρξεω,
544 2086 771 2153 τούτους
824 2086 1135 2163 λυσάμενοι
1187 2085 1397 2149 πάντας
1450 2086 1850 2163 ἀποπέμπουσι

247 2174 645 2238 ἐποδιάσαντες
671 2180 726 2238 ἐς
748 2173 848 2237 τὰς
870 2173 1129 2249 Ἀθήνας·
1157 2178 1268 2235 τῶν
1294 2175 1495 2234 εἵνεκεν
1522 2174 1620 2234 οὐκ
1645 2174 1853 2251 ἥκιστα

218 2254 497 2340 ’ὑποψίην
542 2262 711 2341 εἶχον,
753 2263 1122 2324 πεντακοσίας
1168 2261 1420 2337 κεφαλοὶς
1472 2267 1582 2323 τῶν
1633 2263 1851 2341 Ξέρξεω

244 2350 535 2426 πολεμίων
574 2349 900 2427 λυσάμενοι·
960 2353 1148 2410 τοῦτο·
1171 2350 1230 2409 δὲ
1267 2349 1368 2412 τὰς
1408 2350 1621 2415 διόδους
1657 2351 1757 2415 τσῖς
1796 2357 1853 2415 ἐς

242 2437 349 2500 ταῖς
377 2436 625 2514 κορυφὰς
653 2442 754 2514 τῆς
790 2437 1066 2513 Μυκάλης
1092 2437 1379 2514 φερούσας
1412 2439 1854 2515 προστάσσουσι

241 2529 402 2589 τοῖσι
434 2526 781 2602 Μιλησίοισι
813 2525 1153 2601 φυλάσσειν,
1184 2523 1255 2586 ὦς
1295 2526 1720 2601 ἐπισταμένοισι
1760 2526 1853 2603 δῆ-

244 2615 347 2674 θεν
377 2613 635 2690 μάλιστα
669 2612 773 2689 τὴν
806 2612 1010 2693 χώρην·
1054 2611 1271 2670 ἐποίευν
1306 2612 1366 2670 δὲ
1399 2610 1599 2672 τούτου
1635 2614 1853 2685 εἵνεκεν,

244 2703 341 2762 ἵνα
367 2702 523 2765 ἐκτός
542 2705 644 2762 τοῦ
672 2701 1053 2779 στρατοπέδου
1081 2701 1231 2758 ἔωσι·
1259 2698 1487 2762 τούτους
1511 2702 1614 2775 μὲν
1636 2699 1850 2772 Ἰώνων,

240 2793 401 2850 τοῖσι
429 2790 520 2848 καὶ
546 2789 870 2849 κατεδόκεον
897 2787 1140 2867 νεοχμὸν
1176 2786 1244 2847 ἅν
1275 2813 1331 2847 τι
1356 2789 1564 2849 ποιέειν
1595 2789 1854 2867 δυνάμιος

242 2879 736 2954 ἐπιλαβομένοισι,
797 2876 1063 2955 τρόποισι
1124 2874 1430 2936 τοιούτοισι
1486 2877 1850 2953 προεφυλάσ-

242 2990 421 3025 σοντο
454 2968 508 3024 οἱ
545 2965 786 3041 Πέρσαι·
830 2963 988 3024 αὐτοὶ
1028 2964 1090 3023 δὲ
1130 2962 1530 3041 συνεφόρησαν
1568 2963 1640 3023 τὰ
1679 2966 1853 3044 γέρρα

244 3054 407 3131 ἕρκος
435 3053 577 3113 εἶναί
604 3059 730 3128 σφι.

326 3141 427 3205 Ὡς
453 3142 512 3200 δὲ
537 3139 645 3218 ἄρα
670 3137 1128 3218 παρεσκευάδατο
1150 3143 1306 3200 τοῖσι
1329 3139 1602 3213 Ἕλλησι,
1628 3152 1807 3215 προσ·
1830 3140 1947 3200 100

236 3229 421 3308 ήῖσαν
453 3228 595 3307 πρός
627 3227 757 3294 τούς
786 3225 1140 3305 βαρβάρους·
1189 3231 1340 3288 ἰοῦσι
1366 3226 1430 3287 δέ
1456 3230 1571 3303 σφι
1597 3225 1765 3302 φήμη
1788 3251 1853 3288 τε

1965 3344 2083 3386 4-
