2100 3409
164 82 404 149 55-59]
810 84 1187 136 ΚΑΛΛῙΟΠΗ.
1694 85 1790 136 309

162 189 295 233 νον,
315 167 391 242 τῇ
413 162 508 223 καὶ
524 160 826 241 Δήμητρος
840 163 1193 239 Ἐλευσινίης
1211 161 1333 241 ἶρὸν
1352 160 1544 240 ἧσται·
1563 162 1790 241 α’νέμενε

167 251 239 310 δὲ
266 251 435 311 τοῦδε
462 251 658 321 εἵνεκα,
689 252 793 326 ἵνα,
821 250 891 328 ἦν
915 252 996 328 μὴ
1024 252 1278 331 ἀπολίπῃ
1301 251 1402 311 τὸν
1421 254 1604 329 χῶρον
1632 257 1689 311 ἐν
1712 256 1791 330 τῷ

167 338 486 418 ἐτετάχατο
533 338 568 398 ὅ
612 337 1045 417 Ἀμομφάρετός
1096 365 1159 400 τε
1201 340 1294 399 καὶ
1341 338 1374 399 ὁ
1417 338 1607 417 λόχος,
1656 337 1787 398 ἀλλ’

167 425 356 485 αὐτοῦ
381 426 608 503 μένωσι,
635 428 872 503 βοηθέοι
898 427 1083 487 ὀπίσω
1109 426 1239 505 παρ’
1271 427 1527 489 ἐκείνους.
1611 427 1704 485 καὶ
1731 427 1794 487 οἵ

166 537 242 573 τε
275 513 432 590 ἀμφὶ
465 512 565 574 τόν
582 513 1017 591 Ἀμομφάρετον
1053 513 1418 595 παρεγίνοντό
1460 519 1573 589 οςφι
1616 515 1710 573 καὶ
1746 513 1786 590 ἦ

171 625 355 663 ιππος
394 601 434 677 ἦ
474 605 585 661 τῶν
624 602 940 713 βαρβάρων
978 603 1312 679 προσέκειτο
1345 604 1527 661 πᾶσα·
1577 604 1632 661 οἶ
1674 603 1784 681 γάρ

170 687 418 747 ἱππόται
445 690 663 750 ἐποίευν
699 689 819 749 οἷον
853 690 945 749 καὶ
973 689 1221 750 ἐώθεσαν
1245 690 1453 749 ποιέειν
1476 689 1603 749 αἰεί·
1647 689 1786 749 ἰδόν-

167 800 270 839 τες
298 775 359 834 δὲ
384 801 482 836 τον
506 780 691 856 χῶρον
719 776 897 837 κεινὰν
923 781 982 837 ἐν
1006 781 1085 856 τῷ
1112 776 1410 856 ἐτετάχατο
1436 802 1502 835 οι
1505 774 1786 852 Ἕλληνες

169 867 320 941 τῇσι
356 865 666 942 προτέρῃσι
695 863 959 943 ἡμέρῃσι,
994 863 1243 940 ἤλαυνον
1275 863 1406 927 τούς
1442 864 1644 926 ἵππους
1676 864 1786 924 αἰεὶ

169 950 244 1010 τό
270 951 487 1027 πρόσω·
530 951 622 1010 καὶ
642 951 759 1028 ἅμα
785 951 1206 1028 καταλαβόντες
1231 951 1577 1030 προσεκέατό
1603 956 1734 1026 σφι.

260 1038 580 1116 Μαρδόνιος
610 1038 670 1099 δὲ
705 1038 776 1102 ὥς
809 1038 1042 1099 ἐπύθετο
1078 1038 1208 1103 τούς
1224 1039 1512 1115 Ἕλληνας
1551 1038 1779 1118 οἷποιχο-
1796 1041 1873 1103 58

170 1126 379 1203 μένους
416 1126 527 1187 ὖπό
562 1126 743 1201 νύκτα,
794 1126 906 1186 εἶδέ
944 1152 1008 1186 τε
1046 1127 1148 1187 τὸν
1191 1132 1375 1205 χῶρον
1423 1132 1645 1203 ε’ρῆμον,
1687 1153 1782 1186 κα-

171 1214 355 1277 λέσας
385 1213 486 1274 τᾶν
515 1217 870 1292 Ληρισσαῖον
898 1213 1136 1291 Θώρηκα
1170 1214 1260 1273 καὶ
1301 1213 1433 1276 τοῦς
1472 1213 1782 1289 ἀδελφεοῦς

173 1301 349 1362 αὐτοῦ
372 1301 704 1380 Εὐρύπυλον
730 1303 822 1361 καὶ
846 1301 1216 1414 Θρασυδηῗον,
1245 1302 1420 1383 ἔλεγε·
1467 1311 1504 1337 “
1521 1300 1563 1360 ὦ
1588 1302 1780 1366 παῖδες

170 1388 433 1465 Ἀλεύεω,
466 1391 546 1450 ἔτι
579 1391 639 1450 τί
665 1390 872 1461 λέξετε,
903 1389 1036 1450 τάδε
1075 1388 1326 1467 ὁρέοντες
1372 1392 1576 1466 ἐρῆμα;
1625 1388 1781 1466 υμεῖς

172 1503 289 1558 γαρ
315 1481 369 1537 οἶ
393 1477 782 1557 πλησιόχωροι
806 1478 1027 1558 ἐλέγετε
1053 1478 1521 1554 Λακεδαιμονίους
1553 1504 1619 1537 ου
1646 1477 1779 1554 φεύ-

170 1590 297 1646 γειν
327 1570 390 1624 ἐκ
423 1564 625 1644 μάχης,
660 1564 816 1624 άλλα
845 1563 1045 1640 ἄνδρας
1082 1566 1220 1625 εἶναι
1253 1591 1325 1625 τα
1358 1556 1605 1642 πολεμια
1630 1565 1777 1641 πρῶ-

171 1675 324 1716 τους·
361 1654 491 1717 τούς
514 1651 784 1729 πρότερόν
808 1677 870 1712 τε
895 1653 1356 1729 μετισταμένους
1368 1657 1428 1710 ἐκ
1454 1657 1555 1727 τῆς
1588 1651 1777 1721 τάξιος

173 1739 364 1810 εἴδετε,
398 1744 497 1800 νῦν
525 1764 589 1799 τε
625 1738 735 1799 ὕπο
775 1765 880 1815 την
920 1739 1334 1818 παροιχομένην
1380 1739 1549 1799 νύκτα
1590 1739 1683 1797 καὶ
1723 1743 1778 1799 οἱ

171 1826 379 1890 πάντες
405 1827 634 1904 ὁρέομεν
663 1826 1008 1904 διαδράντας·
1049 1820 1294 1896 διέδεξάν
1325 1852 1404 1897 τε,
1442 1827 1566 1885 ἐπεί
1592 1832 1778 1902 σφεας

172 1914 291 1975 ἔδεε
324 1914 466 1992 πρός
498 1914 630 1979 τοῦς
668 1915 945 1993 ἀψευδέως
980 1913 1245 1991 άρίστους
1282 1912 1585 1991 ἀνθρώπων
1617 1912 1776 1993 μάχῃ

168 2001 538 2079 διακριθῆναι,
586 2001 675 2063 ὅτι
727 2001 941 2065 οὐδένες
993 2000 1103 2079 ἄρα
1155 2001 1336 2064 ἐόντες
1376 2006 1436 2061 ἐν
1478 2000 1776 2078 οὐδαμοῖσι

172 2093 334 2149 ἐοῦσι
363 2089 620 2164 Ἕλλησι
651 2089 1125 2150 ἐναπεδεικνύατο·
1175 2089 1268 2148 καὶ
1305 2088 1439 2166 ύμῖν
1475 2091 1579 2166 μὲν
1619 2092 1776 2149 ἐοῦσι

172 2178 445 2254 Περσέων
477 2175 762 2254 ἀπείροισι
793 2176 987 2253 πολλὴ
1021 2178 1083 2236 ἔκ
1117 2203 1185 2259 γε
1220 2181 1352 2255 ἐμεῦ
1392 2180 1601 2259 ἐγίνετο
1637 2202 1773 2258 συγ-

168 2264 383 2346 γνώμη,
417 2264 776 2326 ἐπαινεόντων
805 2263 1035 2329 τούτους
1064 2266 1223 2326 τοῖσί
1242 2291 1299 2327 τι
1328 2267 1420 2326 καὶ
1452 2266 1772 2346 συνῃδέατε·

169 2352 530 2429 Ἀρταβάζου
568 2352 628 2413 δὲ
669 2354 830 2430 θῶμα
867 2353 958 2412 καὶ
988 2357 1219 2430 μᾶλλον
1246 2355 1559 2431 ἐποιεύμην,
1585 2354 1652 2414 τὸ
1682 2354 1774 2413 καὶ

170 2441 598 2517 καταρρωδῆσαι
634 2441 1118 2516 Λακεδαιμονίους,
1163 2441 1667 2518 καταρρωδήσαντά
1709 2468 1774 2500 τε

169 2527 555 2597 ἀποδέξασθαι
584 2528 809 2609 γνώμην
841 2525 1184 2603 δειλοτάτην,
1216 2526 1288 2589 ὥς
1317 2526 1485 2605 χρεόν
1522 2528 1608 2602 εἴη
1641 2526 1771 2587 άνα-

170 2615 464 2687 ζεύξαντας
486 2615 554 2676 τὸ
580 2614 962 2693 στρατόπεδον
991 2614 1128 2673 ἰέναι
1156 2618 1211 2677 ἐς
1235 2614 1301 2674 τό
1333 2614 1599 2690 Θηβαίων
1626 2613 1771 2674 ἄστυ

170 2704 738 2781 πολιορκησομένους·
773 2701 879 2778 τὴν
904 2702 985 2762 ἔτι
1009 2700 1152 2779 πρὸς
1179 2705 1309 2779 ἐμεῦ
1334 2701 1612 2778 βασιλεῦς
1642 2697 1770 2760 πεύ-

172 2815 353 2850 σεται.
435 2791 528 2850 καὶ
551 2790 760 2851 τούτων
780 2793 884 2867 μὲν
911 2790 1135 2866 ἑτέρωθι
1162 2791 1321 2850 ἔσται
1347 2789 1537 2871 λόγος·
1578 2795 1675 2850 νῦν
1711 2790 1772 2849 δὲ

173 2878 433 2938 ἐκείνοισι
465 2881 642 2937 ταῦτα
671 2882 896 2937 ποιεῦσι
930 2874 1030 2935 οὐκ
1067 2878 1397 2953 ἐπιτρεπτέα
1431 2878 1572 2938 ἐστί·
1615 2875 1771 2935 άλλοὶ

173 2964 419 3024 διωκτέοι
447 2965 558 3024 εἰσὶ
584 2970 640 3027 ἐς
658 2964 692 3023 ὃ
709 2964 1205 3039 καταλαμφθέντες
1232 2962 1481 3024 δώσουσι
1500 2964 1634 3039 ἡμῖν
1658 2967 1770 3022 τῶν

175 3051 243 3126 δή
279 3053 553 3127 ἐποίησαν
589 3052 820 3129 Πέρσας
854 3050 1075 3110 πάντων
1106 3050 1306 3115 δίκας.”
1385 3054 1574 3111 Ταῦτα
1611 3049 1768 3113 εἴπας
1784 3053 1861 3111 59

173 3137 277 3219 ἦγε
313 3139 444 3204 τοῦς
482 3141 713 3216 Πέρσας
752 3138 952 3216 δρόμῳ,
998 3138 1303 3215 διαβάντας
1345 3139 1446 3199 τᾶν
1485 3135 1765 3208 ’Aoum-dv,

175 3228 316 3287 κατὰ
339 3226 550 3305 στίβον
572 3231 683 3288 τῶν
715 3224 1005 3300 Ἑλλήνων
1031 3224 1104 3288 ὥς
1128 3226 1197 3302 δή
1228 3221 1766 3302 ἀποδιδρησκόντων·
