2100 3409
255 59 353 110 328
848 58 1237 109 -·HPOA01'o¹r
1741 60 1880 127 [IX.

255 139 533 199 ἐσέπτατο
587 136 644 201 ἐς
694 135 763 197 τὸ
811 137 1194 214 στρατόπεδον
1243 141 1375 209 πᾶν,
1423 136 1518 200 καὶ
1570 142 1883 219 κηρυκήῖον

257 226 439 302 ἐφάνη
492 226 584 285 ἐπὶ
634 229 737 300 τῆς
788 230 1115 306 κυματωγῆς
1170 227 1438 302 κείμενον·
1507 228 1545 303 ἦ
1601 229 1661 289 δὲ
1705 230 1880 307 φήμη

257 314 456 391 διῆλθέ
508 320 621 389 σφι
674 312 793 383 ὦδε,
844 312 914 376 ὥς
961 316 1015 372 οἱ
1057 312 1338 389 Ἕλληνες
1390 316 1498 391 τὴν
1545 319 1879 395 Μαρδονίου

258 401 530 479 στρατιὴν
555 405 746 480 νικῷεν
775 407 834 461 ἐν
866 404 1166 461 Βοιωτοῖσι
1197 401 1530 480 μαχόμενοι.
1615 405 1769 481 δῆλα
1805 406 1875 482 δὴ

258 492 535 550 πολλοῖσι
569 488 926 566 τεκμηρίοισί
947 494 1073 548 ἐστι
1103 489 1176 548 τοὶ
1207 490 1330 549 θεῖα
1363 494 1477 550 τῶν
1506 493 1875 573 πρηγμάτων,

260 583 309 638 εἰ
334 579 427 637 καὶ
456 577 586 637 τότε
618 580 719 652 τῆς
755 576 926 654 αὐτῆς
959 578 1174 655 ἡμέρης
1205 580 1645 656 συμπιπτούσης
1674 585 1781 641 τοῦ
1813 608 1877 642 τε

262 670 320 726 ἐν
341 667 671 744 Πλαταιῇσι
699 666 792 724 καὶ
816 670 917 725 τοῦ
944 670 1002 725 ἐν
1029 664 1277 742 Μυκάλῃ
1295 666 1612 742 μέλλοντος
1633 669 1876 729 ἔσεσθαι

259 752 563 831 τρώματος,
592 752 757 830 φήμη
792 757 946 813 τοῖσι
976 751 1231 829 Ἕλλησι
1268 756 1423 813 τοῖσι
1456 755 1636 835 ταύτῃ
1674 757 1874 816 ἐσαπί-

262 866 407 911 κετο,
437 840 583 901 ὥστε
609 842 905 917 θαρσῆσαί
934 867 997 900 τε
1023 841 1130 916 τήν
1170 865 1443 918 στρατιην
1482 846 1687 921 πολλῷ
1728 846 1873 919 μᾶλ-

170 918 280 988 ῙΟΙ
303 933 424 999 λον,
468 930 563 987 καὶ
608 929 822 989 ἐθέλειν
861 929 1313 1006 προθυμότερον
1323 929 1668 989 κινδυνεύειν.
1760 932 1876 990 Καὶ

262 1015 457 1075 τάδε’
429 1041 616 1094 ετερον
651 1018 929 1077 συνέπεσε
958 1016 1274 1097 γενόμενον,
1305 1017 1610 1095 Δήμητρος
1640 1020 1875 1096 τεμένεα

260 1102 611 1181 Ἐλευσινίης
660 1131 815 1181 παρα
854 1104 1196 1183 ἀμφοτέρας
1217 1131 1320 1168 τας
1359 1107 1666 1183 συμβολας
1715 1108 1872 1168 εἶναι·

266 1219 358 1252 και
383 1193 494 1274 γὰρ
521 1193 590 1270 δὴ
617 1199 676 1253 ἐν
700 1197 772 1272 τῇ
801 1194 1107 1253 Πλαταιίδι
1132 1219 1249 1271 παρ
1291 1192 1429 1253 αὐτο
1453 1220 1522 1254 το
1545 1194 1874 1272 Δημήτριον

264 1282 483 1363 ἐγένετο
520 1282 620 1363 (ως
658 1283 752 1343 καὶ
791 1281 1065 1359 πρότερόν
1103 1309 1203 1358 μοι
1243 1282 1543 1364 ειρηται)“
1504 1309 1542 1358 η
1573 1283 1754 1363 μάχη,
1783 1286 1873 1342 καὶ
1911 1294 1916 1298 ’

264 1373 326 1429 ἐν
355 1370 602 1447 Μυκάλῃ
644 1368 848 1446 ἔμελλε
889 1369 1151 1433 ὦσαύτως
1191 1371 1444 1430 ἔσεσθαι·
1485 1372 1777 1451 γεγονέναι
1815 1372 1873 1430 δὲ
1973 1416 1978 1422 -

263 1456 429 1531 νίκην
452 1481 563 1515 των
596 1482 740 1533 μετα
775 1458 1111 1517 Παυσανίεω
1143 1457 1435 1533 Ἑλλήνων
1471 1457 1650 1535 ὀρθῶς
1688 1465 1802 1535 σφι
1834 1485 1871 1535 η

268 1542 434 1620 φήμη
461 1545 761 1621 συνέβαινε
788 1547 1060 1605 ἐλθοῦσα·
1100 1572 1167 1607 το
1193 1548 1297 1622 μὲν
1320 1546 1432 1627 γὰρ
1459 1551 1519 1606 ἐν
1541 1550 1872 1625 Πλαταιῇσι
1937 1539 1948 1546 ’

267 1632 410 1708 πρωι
442 1634 521 1693 ἔτι
524 1636 658 1743 ‘'r-⁷33
687 1631 897 1709 ἡμέρης
934 1633 1272 1740 ἐγίνετο·τό
1301 1633 1413 1692 δὲ’
1386 1660 1445 1695 εν
1471 1635 1721 1713 Μυκάλῃ
1747 1661 1871 1712 περι

265 1720 473 1797 δείλην·
515 1718 603 1781 ὅτι
629 1722 689 1780 δὲ
713 1725 813 1796 τῆς
840 1720 1010 1796 αυτ-ἦς
1023 1720 1245 1829 ἡμέρης
1271 1722 1569 1797 συνέβαινε
1595 1723 1867 1802 γίνεσθαι,

266 1808 441 1885 μηνός
468 1835 532 1868 τε
570 1813 670 1868 τοῦ
712 1807 900 1877 αυτοῦ,
929 1807 1114 1887 χρόνῳ
1150 1835 1214 1869 ου
1247 1813 1447 1887 πολλῷ
1487 1816 1599 1885 σφι
1639 1808 1872 1887 ὕστερον

266 1897 417 1972 δῆλα
454 1897 908 1975 ἀναμανθάνουσι
961 1897 1185 1977 ἐγίνετο.
1271 1895 1342 1973 ἦν
1381 1897 1442 1956 δε
1481 1897 1723 1975 αρρωδίη
1762 1904 1872 1974 σφι
1899 1944 1908 1952 .

267 1986 400 2062 πρὶν
456 1986 561 2062 τήν
627 1984 824 2063 φήμην
883 1985 1272 2055 ἐσαπικέσθαι,
1329 1984 1449 2045 οὔτι
1500 1988 1632 2063 περὶ
1683 1987 1870 2062 σφέων

267 2072 449 2133 αὐτῶν
491 2072 648 2143 οὕτω,
687 2073 758 2136 ὦς
794 2075 906 2132 τῶν
935 2071 1243 2148 Ἑλλήνων,
1285 2073 1367 2150 μή
1407 2075 1534 2150 περὶ
1575 2073 1868 2153 Μαρδονίῳ

269 2163 483 2239 πταίσῃ
523 2161 561 2237 ἦ
600 2160 834 2224 Ἑλλάς·
902 2159 973 2223 ὥς
1010 2160 1204 2237 μέντοι
1240 2160 1280 2236 ἡ
1322 2161 1543 2239 κλῃδὼν
1581 2160 1725 2238 αὕτη
1761 2168 1869 2238 σφι

270 2248 563 2316 ἐσέπτατο,
605 2248 835 2323 μᾶλλόν
872 2273 929 2307 τι
970 2250 1062 2307 καὶ
1101 2247 1406 2327 ταχύτερον
1444 2249 1551 2324 τήν
1591 2248 1867 2326 πρόσοδον

272 2337 569 2393 ἐποιεῦντο.
655 2337 709 2392 οῖ
760 2335 864 2410 μὲν
904 2334 975 2411 δή
1019 2337 1299 2410 Ἕλληνες
1346 2338 1437 2396 καὶ
1484 2339 1538 2396 οἶ
1578 2336 1865 2414 βάρβαροι

269 2420 540 2481 ἔσπευδον
566 2424 622 2484 ἐς
653 2420 771 2503 τὴν
792 2421 998 2502 μάχην,
1028 2423 1100 2486 ὥς
1133 2429 1246 2499 σφι
1283 2426 1377 2485 καὶ
1407 2427 1466 2483 αἶ
1501 2429 1677 2500 νῆσοι
1713 2424 1798 2483 καὶ
1833 2424 1892 2484 δ’

269 2507 701 2586 Ἑλλήσποντος
728 2508 907 2569 ἄεθλα
933 2513 1240 2587 προέκειτο.

179 2599 293 2656 102
391 2601 558 2658 Τοῖσι
595 2599 702 2676 μέν
732 2624 829 2658 νυν
858 2596 1210 2674 Ἀθηναίοισι
1243 2599 1336 2658 καὶ
1367 2589 1523 2660 τοῖσι
1562 2601 1867 2677 προσεχέσι

271 2683 524 2743 τούτοισι
574 2686 982 2766 τεταγμένοισι,
1023 2687 1193 2764 μέχρι
1246 2713 1347 2746 κου
1385 2691 1495 2746 τῶν
1533 2686 1792 2763 ἡμισέων,
1829 2687 1868 2763 ἤ

273 2768 401 2833 ὁδος
447 2771 657 2850 ἐγίνετο
704 2798 807 2830 κατ
869 2772 1128 2852 αἰγιαλόν
1173 2799 1236 2833 τε
1283 2776 1375 2833 καὶ
1422 2773 1631 2833 απεὸον
1678 2778 1865 2854 χῶρον·

271 2859 427 2915 τοῖσι
457 2856 517 2915 δὲ
551 2858 1043 2934 Λακεδαιμονίοισι
1082 2861 1174 2919 καὶ
1206 2865 1361 2920 τοῖσι
1398 2861 1596 2937 ἐπεξῆς
1628 2861 1868 2923 τούτοισι

273 2944 680 3023 τεταγμένοισι,
720 2945 861 3003 κατά
895 2972 956 3004 τε
992 2944 1278 3024 χαράδρην
1306 2950 1398 3007 καὶ
1435 2948 1620 3026 οὔρεα·
1667 2955 1726 3011 ἐν
1749 2947 1787 3029 ᾧ
1813 2950 1870 3010 δὲ

274 3031 328 3087 οῖ
370 3030 795 3106 Λακεδαιμονιοι
837 3034 1153 3142 περιήῖσαν,
1189 3033 1343 3095 οὗτοι
1381 3040 1434 3096 οἱ
1466 3038 1560 3095 ἐπὶ
1597 3041 1680 3116 τῷ
1721 3038 1871 3119 ἑτέρῳ

275 3115 423 3190 κέρεϊ
474 3118 553 3176 ἔτι
613 3117 704 3176 καὶ
757 3116 826 3191 δη
886 3119 1182 3196 ἐμάχοντο.
1265 3123 1364 3186 ἕως
1420 3124 1526 3200 μέν
1579 3150 1681 3185 νυν
1730 3129 1873 3187 τοῖσί

276 3200 542 3277 Πέρσῃσι
567 3201 793 3279 ορθια’
758 3228 828 3278 ην
859 3228 931 3262 τα
964 3206 1155 3284 γέρρα,
1187 3207 1466 3285 ἠμύνοντό
1502 3236 1568 3270 τε
1602 3212 1700 3271 και
1729 3212 1875 3275 οὖδὸ
