2100 3409
241 65 304 111 46
841 59 1202 111 'HPOAOTOT
1746 58 1838 124 [v.

241 141 489 222 ἀμαχητὶ
530 139 675 224 εἳχε
688 142 763 203 τά
807 168 915 219 περ
968 142 1145 218 ἔλαβε
1197 163 1351 217 παρα
1395 140 1841 249 Πεισιστράτου·

240 231 547 308 ἐπολέμεον
572 231 682 313 γὰρ
711 231 770 289 ἔκ
796 255 859 290 τε
882 228 1221 308 Ἀχιλληΐου
1258 225 1461 290 πόλιος
1499 227 1843 304 ὄρμεῶμενοι

242 319 333 376 καὶ
360 319 582 399 Σιγείου
622 320 714 377 ἐπὶ
748 318 954 396 χρόνον
993 315 1204 395 συχνόν
1230 316 1610 389 Μυτιληναῖοί
1642 341 1707 375 τε
1748 317 1841 396 καὶ

239 403 643 481 Ἀθηναῖοι·οἶ
667 409 772 482 μὲν
797 405 1151 466 ἀπαιτέοντες
1173 401 1278 478 τὴν
1303 400 1508 480 χώρην·
1550 401 1839 478 Ἀθηναῖοι

240 492 301 551 δὲ
333 493 458 552 οὔτε
483 491 1011 573 συγγινωσκόμενοι,
1041 488 1453 562 οἷποδεικνυντες
1478 515 1539 548 τε
1566 488 1721 598 λόγω
1751 517 1841 549 ου-

242 581 334 640 δὲν
372 584 598 656 μᾶλλον
624 584 894 640 Αιολεΰσι
935 579 1135 657 μετεὸν
1169 581 1270 652 τῆς
1293 573 1532 640 Ἰλιάδος
1572 604 1773 655 χωρης,
1802 606 1841 654 η

241 667 305 726 οὗ
347 668 438 726 καὶ
479 668 592 744 σφὶ
633 669 724 727 καὶ
763 671 916 727 τοῖσι
957 666 1193 726 αλλοισι
1234 663 1361 725 ὅσοι
1385 663 1676 740 Ἑλλήνων
1708 692 1840 725 ο-υν-

147 757 221 813 95
244 755 552 831 επρήξαντο
578 757 842 835 Μενέλεῳ
866 755 967 817 τοῖς
992 753 1224 828 Ἑλένης
1250 751 1519 832 ἁρπαγάς.
1579 754 1838 828 Πολεμε-

241 842 410 902 όντων
437 843 498 902 δέ
531 849 739 919 σφεων,
768 847 1008 904 παντοῖα
1049 839 1142 900 καὶ
1178 839 1332 898 ἄλλα
1373 837 1589 919 ἐγένετο
1618 845 1677 899 ἐν
1702 847 1839 918 τῇσι

239 930 480 1009 μάχῃσι·
523 937 581 991 ἐν
607 931 666 989 δὲ
690 931 759 1007 δὴ
788 932 879 989 καὶ
903 929 1168 992 Ἀλκαῖος
1194 928 1227 989 ὅ
1252 926 1501 1002 ποιητὴς,
1530 931 1839 1005 συμβολῆς

239 1020 537 1097 γενομένης
579 1019 670 1077 καὶ
710 1017 978 1077 νικώντων
1002 1016 1323 1092 Ἀθηναίων,
1364 1013 1529 1078 αὖτὸς
1562 1017 1667 1096 μὲν
1705 1018 1836 1093 φεύ-

237 1131 349 1184 γων
387 1107 657 1187 ἐκφεύγει,
688 1132 760 1166 τα
787 1105 850 1164 δέ
875 1108 927 1163 οἳ
956 1103 1172 1164 ὅπλα*
1151 1128 1381 1181 ισχουσι
1411 1102 1714 1177 Ἀθηναῖοι,
1744 1108 1842 1165 καί

240 1199 397 1268 σφεα
425 1193 811 1271 ἀνεκρέμασαν
836 1219 977 1269 προς
1006 1218 1096 1251 το·
1110 1189 1408 1265 Ἀθήναιον
1435 1190 1501 1250 τὸ
1529 1196 1586 1249 ἐν
1615 1193 1833 1280 Σιγείῳ.

237 1286 412 1340 ταῦτα
439 1282 498 1340 δὲ
522 1279 838 1343 Ἀλκαῖος’
813 1307 870 1340 εν
893 1281 1056 1357 μέλεϊ
1082 1277 1325 1353 ποιήσας
1364 1279 1598 1337 ἐπιτιθεῖ
1630 1284 1686 1341 ἐς
1711 1286 1834 1339 Μυ-

237 1368 482 1443 τιλήνην,
513 1367 989 1448 ἐξαγγελλόμενος
1013 1392 1081 1425 το
1112 1369 1311 1425 ἑωυτοῦ
1337 1365 1515 1428 πάθος
1542 1369 1835 1428 Μελανίπ-

238 1479 326 1531 πω
350 1454 508 1531 οἶνδρὶ
537 1456 746 1533 ἑταίρῳ.
829 1455 1244 1529 Μυτιληναίους
1280 1454 1340 1512 δὲ
1377 1454 1466 1512 καὶ
1504 1451 1836 1529 Ἀθηναίους

238 1541 558 1616 κατήλλαξε
583 1542 923 1619 Περίανδρος
949 1540 981 1600 ὅ
1010 1543 1298 1620 Κυψέλου·
1339 1541 1514 1620 τούτῳ
1544 1541 1654 1621 γὰρ
1696 1543 1832 1603 διαι-

236 1634 377 1708 τητῇ
432 1629 823 1707 ἐπετράποντο.
908 1629 1226 1704 κατήλλαξε
1279 1629 1338 1687 δὲ
1386 1626 1505 1687 ὦδε·
1563 1630 1833 1706 νέμεσθαι

239 1718 523 1793 ἑκατέρους
546 1719 650 1794 τήν
679 1719 892 1796 ἔχουσι.
976 1718 1196 1798 Σίγειον
1222 1718 1326 1792 μέν
1353 1742 1448 1775 νυν
1475 1716 1616 1776 οὕτω
1656 1720 1834 1799 ἐγένε-

142 1805 216 1861 96
237 1829 302 1861 το
337 1803 427 1864 ὕπ’
453 1805 821 1882 Ἀθηναίοισι.
903 1804 1124 1881 Ἱππίης
1152 1804 1211 1862 δὲ
1235 1803 1362 1863 ἐπεί
1395 1829 1457 1862 τε
1498 1802 1727 1865 ἀπίκετο
1769 1812 1834 1867 ἐκ

236 1895 335 1966 τῆς
357 1895 769 1971 Λακεδαίμονος
805 1898 860 1956 ἐς
899 1893 1002 1968 τὴν
1026 1891 1243 1968 Ἀσίην,
1271 1896 1385 1951 πᾶν
1419 1896 1614 1969 χρῆμα
1643 1894 1833 1965 ἐκίνεε,

236 1978 563 2055 διαβάλλων
602 2008 664 2041 τε
705 1981 834 2042 τούς
857 1981 1184 2055 Ἀθηναίους
1215 1980 1354 2056 πρὸς
1382 1979 1480 2040 τᾶν
1518 1978 1835 2059 Ἀρταφέρ-

232 2091 344 2136 νεα,
388 2068 481 2126 καὶ
523 2070 722 2126 ποιέων
764 2067 983 2126 ἅπαντα
1028 2067 1164 2129 ὅκως
1208 2070 1265 2124 αἱ
1305 2065 1539 2139 Ἀθῆναι
1572 2070 1835 2147 γενοίατο

232 2151 325 2210 ὕπ’
368 2156 544 2231 ἑωυτῷ
595 2180 657 2213 τε
709 2154 801 2211 καὶ
850 2155 1084 2232 Δαρείῳ.
1167 2152 1385 2226 Ἱππίης
1430 2178 1491 2211 τε
1538 2153 1606 2230 δὴ
1655 2161 1835 2216 ταῦτα

194 2299 200 2304 ,
232 2240 499 2316 ἔπρησσε,
533 2241 624 2299 καὶ
666 2244 719 2299 οἱ
759 2240 1045 2316 Ἀθηναῖοι
1090 2241 1392 2317 πυθόμενοι
1442 2244 1634 2311 ταῦτα,
1689 2244 1833 2319 πέμ-

230 2352 404 2385 πουσι
436 2333 490 2390 ἐς
526 2327 726 2404 Σάρδις
758 2327 1031 2409 οἷγγέλους
1066 2327 1162 2387 οὐκ
1204 2332 1392 2390 ἐῶντες
1432 2327 1561 2391 τούς
1596 2331 1834 2406 Πέρσας
1880 2323 1890 2334 ’

231 2416 524 2474 πείθεσθαι
549 2415 854 2490 Ἀθηναίων
889 2421 1041 2475 τοῖσι
1084 2415 1322 2495 φυγάσι·
1365 2415 1398 2474 ὅ
1426 2416 1484 2474 δὲ
1515 2414 1828 2492 Ἀρταφέρ-

232 2527 327 2576 νης
355 2502 573 2561 ἐκέλευέ
597 2509 797 2577 σφεας,
829 2507 876 2562 εἷ
899 2505 1210 2579 βουλοίατο
1241 2501 1371 2560 σόοι
1412 2502 1564 2572 εἶναι,
1600 2505 1830 2563 καταδέ-

231 2590 429 2648 κεσθαι
471 2589 652 2650 ὀπίσω
692 2590 935 2665 Ἱππίην.
1019 2589 1191 2649 οὔκων
1234 2589 1303 2664 δὴ
1347 2590 1657 2650 ἐνεδέκοντο
1698 2592 1831 2655 τοῦς

230 2676 435 2755 λόγους
460 2676 914 2754 ἀποφερομένους
936 2676 1247 2753 Ἀθηναῖοι·
1292 2676 1390 2736 οὐκ
1419 2677 1829 2753 ἐνδεκομένοισι

200 2774 213 2791 ‘
229 2763 289 2821 δέ
316 2770 428 2837 σφι
454 2763 679 2823 δέδοκτο
719 2770 780 2822 ἐκ
814 2769 914 2824 τοῦ
958 2768 1203 2841 φανεροῦ
1242 2768 1395 2823 τοῖσι
1422 2763 1691 2842 Πέρσῃσι
1726 2792 1827 2824 πο·-

228 2851 454 2926 λεμίους
481 2850 638 2909 εἶναι.

135 2939 208 2996 97
309 2938 625 3013 Νομίζουσι
651 2936 719 3010 δὴ
745 2942 935 3004 ταῦτα,
959 2937 1050 2995 καὶ
1078 2937 1589 3012 διαβεβλημένοισι
1616 2943 1671 3001 ἐς
1697 2942 1795 2999 τοῦ
1802 2968 1830 3003 ς

228 3024 471 3101 Πέρσας,
517 3029 577 3083 ἐν
614 3022 790 3100 τούτῳ
833 3022 900 3097 δή
943 3028 1019 3100 τῷ
1063 3027 1230 3100 καιρῷ
1270 3021 1301 3080 ὁ
1346 3023 1637 3096 Μιλήσιος
1677 3025 1830 3102 Ἀρι-

227 3110 526 3192 σταγόρης,
570 3109 681 3169 ὖπό
727 3110 1075 3185 Κλεομένεος
1115 3115 1215 3166 τοῦ
1252 3108 1695 3185 Λακεδαιμονίου
1743 3115 1830 3183 ἐξ·

225 3199 485 3262 ελασθεὶς
527 3203 588 3256 ἐκ
627 3201 729 3271 τῆς
757 3195 1033 3271 Σπάρτης,
1075 3195 1302 3253 ἀπίκετο
1345 3199 1398 3255 ἐς
1428 3194 1529 3257 τὰς
1560 3194 1826 3275 Ἀθήνας·
