2100 3409
196 57 356 125 1—5]
843 59 1149 109 οτΡΑΝῙΑ.
1703 62 1797 111 221

192 138 534 215 ε’πιτρέπειν·
577 137 921 215 ἀντιβάντων
956 138 1016 198 δὲ
1049 143 1162 198 τῶν
1196 136 1525 219 συμμάχων,
1559 137 1707 200 εἶκον
1745 141 1801 198 οἶ

190 225 507 302 Ἀθηναῖοι,
533 228 684 307 μέγα
716 226 1080 302 πεποιημένοι
1109 230 1377 303 περιεῖναι
1411 225 1516 300 τήν
1546 225 1800 285 Ἑλλάδα

194 315 293 374 καὶ
330 314 558 395 γνόντες
599 320 647 374 εἰ
686 314 1071 374 στασιάσουσι
1108 314 1238 391 περὶ
1267 317 1368 388 τῆς
1397 312 1694 393 ἡγεμονίης
1730 313 1801 376 ὦς

192 402 503 462 ἀπολέεται
542 403 582 479 ἦ
619 401 850 471 Ἑλλὰς,
891 400 1033 479 όρθάί
1073 406 1337 463 νοεῦντες.
1419 399 1650 483 [στάσις
1687 401 1798 481 γὰρ

194 490 455 565 ἔμφυλος
493 491 747 567 πολέμου
801 489 1244 566 ὁμοφρονέοντος
1295 488 1553 567 τοσούτῳ
1608 488 1798 549 κάκιόν

193 582 339 648 ε’στι,
369 577 487 658 ὅσῳ
500 578 767 655 ,πόλεμος
803 575 1062 658 εἰρήνης.]
1147 576 1506 652 ἐπιστάμενοι
1544 575 1617 634 ὦν
1658 575 1795 636 αὐτό

191 671 381 739 τοῦτο,
422 692 522 726 ουκ
556 666 1025 734 α’ντέτεινον,αλλ
907 663 1217 724 αλλέἶκον
1248 664 1416 742 μέχρι
1452 663 1593 724 ὅσου
1621 665 1796 742 κάρτα

193 754 417 813 ε’δέοντο
446 754 641 824 αυτῶν,
671 780 743 817 ως
768 753 1028 822 διεδεξαν·
1074 751 1144 815 ὥς
1167 750 1277 833 γοῖρ
1294 751 1438 858 δῆΑ’
1397 751 1675 829 ωσάμενοι
1700 779 1800 815 τον

191 842 432 917 Πέρσεα
464 842 591 918 περὶ
620 843 722 917 τῆς
759 840 965 899 ἐκείνου
999 839 1108 915 ἤδη
1142 839 1243 899 τὸν
1273 837 1461 920 α’γῶνα
1493 843 1790 914 ἐποιεῦντο,

190 929 491 1005 πρόφασιν
515 928 621 1003 τήν
646 929 979 988 Παυσανίεω
1003 927 1172 1005 ὕβριν
1191 926 1610 1007 προϊσχόμενοι,
1638 927 1793 987 ἀπεί-

190 1020 369 1075 λοντο
409 1016 513 1091 τήν
549 1015 851 1096 ἡγεμονίην
896 1015 1026 1078 τούς
1072 1015 1556 1091 Λακεδαιμονίους.
1639 1014 1796 1075 οἷλλᾶ.

189 1108 372 1161 ταῦτα
397 1105 501 1179 μὲν
524 1102 761 1181 ὕστερον
788 1104 1023 1183 ἐγένετο.

272 1189 419 1250 Τότε
457 1189 518 1249 δὲ
558 1189 710 1251 οὗτοι
758 1194 811 1250 οἱ
852 1192 944 1248 καὶ
984 1188 1070 1248 ἐπ’
1107 1188 1465 1268 Ἀρτεμίσιον
1503 1190 1798 1267 Ἑλλήνων
1809 1193 1848 1252 4

188 1278 540 1355 ἀπικόμενοι,
593 1278 665 1342 ὥς
704 1278 849 1339 εἶδον
888 1279 1013 1341 νέας
1049 1305 1112 1338 τε
1159 1277 1402 1341 πολλοῖς
1421 1279 1795 1356 καταχθείσας

190 1371 247 1428 ἐς
301 1366 403 1430 τὰς
451 1366 695 1442 Ἀφέτας
750 1369 841 1426 καὶ
879 1371 1148 1443 στρατιῆς
1201 1364 1419 1425 ἅπαντα
1466 1367 1632 1435 πλέα,
1674 1367 1794 1425 ἐπεὶ

189 1454 420 1514 αὐτοῖσι
468 1455 621 1533 παροὶ
674 1455 841 1525 δόξαν
880 1455 950 1513 τσῖ
989 1454 1293 1535 πρήγματα
1330 1457 1441 1514 τῶν
1480 1453 1795 1533 βαρβάρων

188 1540 467 1619 οἷπέβαινε
501 1541 537 1617 ἢ
572 1542 642 1604 ὥς
678 1542 834 1602 αὐτοὶ
875 1542 1212 1612 κατεδόκεον,
1250 1543 1791 1620 καταρρωδήσαντες,

187 1629 450 1706 δρησμὸν
475 1630 777 1706 ἐβούλευον
811 1629 922 1688 οἷπὸ
958 1633 1061 1689 τοῦ
1085 1629 1443 1706 Ἀρτεμισίου
1470 1631 1580 1689 ἔσω
1610 1634 1666 1693 ἐς
1690 1630 1794 1707 τήν

185 1715 466 1775 Ἐλλάδα·
506 1717 729 1798 γνόντες
764 1718 827 1777 δέ
859 1723 1044 1793 σφεας
1080 1720 1132 1775 οἳ
1167 1715 1413 1799 Εὐβοέες
1448 1720 1626 1777 ταῦτα
1656 1719 1793 1793 βου-

186 1805 539 1881 λευομένους,
580 1805 795 1865 ἐδέοντο
830 1804 1188 1882 Εὐρυβιάδεω
1225 1808 1562 1880 προσμεῖναι
1588 1803 1794 1883 χρόνον

186 1892 405 1973 ὀλίγον,
460 1890 574 1951 ἔστ’
626 1890 695 1952 ἂν
745 1893 903 1952 αὐτοὶ
947 1892 1113 1952 τέκνα
1158 1916 1220 1950 τε
1272 1892 1364 1949 καὶ
1408 1892 1536 1955 τούς
1579 1893 1793 1956 οἰκέτας

184 1979 580 2040 ὑπεκθέωνται·
662 1979 731 2044 ὥς
771 1981 817 2040 δ’
859 1980 958 2040 οὐκ
1013 1980 1246 2049 ἔπειθον,
1292 1979 1640 2056 μεταβάντες
1690 1979 1792 2039 τόν

183 2065 495 2142 Ἀθηναίων
553 2067 872 2150 στρατηγόν
936 2069 1196 2127 πείθουσι
1252 2064 1642 2144 Θεμιστοκλέα
1696 2067 1789 2126 ἐπὶ

184 2156 378 2233 μισθῷ
398 2155 695 2233 τριήκοντα
719 2155 1066 2227 ταλάντοισι,
1094 2155 1178 2214 ἐπ’
1206 2153 1249 2236 ᾧ
1278 2181 1340 2216 τε
1372 2156 1790 2232 καταμείναντες

184 2242 300 2319 πρὸ
325 2247 426 2318 τῆς
450 2242 702 2321 Εὐβοίης
724 2243 1061 2317 ποιήσονται
1086 2243 1190 2319 τὴν
1220 2244 1550 2322 ναυμαχίην.
1630 2242 1700 2302 Ὁ
1728 2242 1787 2302 δὲ
1803 2246 1842 2302 5

184 2331 609 2406 Θεμιστοκλέης
657 2331 786 2395 τούς
826 2331 1117 2407 Ἕλληνας
1158 2336 1412 2410 ἐπισχεῖν
1450 2329 1555 2391 ὦδε
1592 2332 1786 2391 ποιέει·

183 2418 514 2498 Εὐρυβιάδῃ
553 2417 760 2481 τούτων
804 2423 915 2481 τῶν
952 2417 1254 2498 χρημάτων
1297 2416 1585 2497 μεταδιδοῖ
1621 2420 1785 2480 πέντε

181 2505 454 2576 τάλαντα,
497 2505 568 2570 ὥς
606 2506 736 2584 παρ’
779 2510 980 2566 ἑωυτοῦ
1021 2507 1188 2582 δῆθεν
1228 2505 1425 2569 διδούς·
1522 2506 1592 2570 ὥς
1632 2508 1695 2566 δέ
1733 2509 1788 2566 οἱ

183 2590 350 2656 οὗτος
401 2594 784 2675 ἀνεπέπειστο,
854 2586 1232 2676 (Ἂδείμαντος
1286 2593 1397 2674 γὰρ
1450 2591 1483 2652 ό
1532 2592 1783 2665 Ὠκύτου,

181 2682 483 2759 Κορίνθιος
522 2683 853 2764 στρατηγὸς,
877 2687 988 2763 τῶν
1025 2686 1241 2742 λοιπῶν
1265 2679 1523 2759 ’ἤσπαιρε
1560 2687 1782 2758 μοῦνος,

180 2769 435 2845 φαμενος
465 2768 919 2831 αποπλωσεσθαί
941 2796 1005 2830 τε
1043 2769 1157 2830 ἀπο
1182 2772 1284 2830 τοῦ
1307 2768 1666 2847 Ἀρτεμισίου
1691 2769 1783 2828 καὶ

179 2882 245 2917 ου
268 2858 677 2938 παραμενέειν,)
696 2857 836 2935 πρός
861 2857 929 2935 δὴ
947 2861 1148 2918 τοῦτον
1169 2856 1348 2918 εἶπε“
1315 2885 1347 2918 ο
1368 2857 1783 2936 Θεμιστοκλέης

176 2946 488 3023 ἐπομόσας·
553 2956 588 2981 “
606 2972 672 3005 ου
714 2945 790 3006 σῦ
828 2972 895 3028 γε
934 2945 1111 3023 ἡμέας
1150 2944 1492 3025 ἀπολείψεις,
1535 2945 1659 3004 ἐπεί
1691 2968 1783 3002 τοι

174 3035 287 3116 ε’γω
318 3034 469 3111 μεζω
505 3018 654 3111 δῶρα
694 3033 928 3094 δωσω
892 3061 929 3110 η
968 3032 1317 3110 βασιλευς*
1280 3060 1349 3093 αν
1381 3058 1471 3093 τοι
1505 3032 1538 3090 ὁ
1570 3028 1780 3103 Μήδων

171 3124 418 3202 πέμψειε
471 3122 807 3183 απολιπόντι
858 3147 987 3184 τους
1044 3120 1429 3202 συμμαχουςΡ
1493 3117 1668 3177 ταῦτά
1716 3140 1780 3175 τε

170 3237 302 3346 affir-
319 3210 573 3340 ἧγόδρευε,
599 3211 692 3270 καὶ
727 3211 934 3288 πέμπει
971 3209 1065 3268 ἐπὶ
1095 3210 1200 3285 τὴν
1238 3210 1336 3269 νέα
1363 3206 1466 3281 τὴν
1493 3201 1779 3277 Ἀδειμάν-
