2100 3409
216 62 295 138 32
851 57 1246 115 ἙΡοΔοϊοϊ
1741 59 1843 125 [v

227 164 582 218 στασιωτῃσι
606 164 709 202 τας
733 136 912 216 ἅρχας
948 138 1258 217 ἐνεχείριζε.
1316 136 1749 215 ἀντισταθείσης
1775 142 1841 201 δὲ

225 234 327 305 τῆς
373 230 594 304 βουλῆς
648 227 741 285 καὶ
795 252 859 286 ου
906 226 1264 302 βουλομένης
1316 227 1631 295 πείθεσθαι,
1682 227 1715 287 ὅ
1772 256 1841 288 τε

228 318 555 394 Κλεομένης
594 315 684 374 καὶ
720 313 753 375 ὅ
788 314 1087 396 Ἰσαγόρης
1121 315 1215 373 καὶ
1241 316 1294 373 οἱ
1315 319 1630 374 στασιῶται
1661 315 1839 376 αὐτοῦ

226 404 733 482 καταλαμβάνουσι
778 403 883 479 τήν
926 402 1258 479 ἀκρόπολιν·
1317 401 1627 479 Ἀθηναίων
1674 405 1733 464 δὲ
1775 406 1834 465 οἶ

229 493 441 563 λοιποὶ,
483 492 555 552 τὰ
595 490 736 551 αὗτσῖ
784 490 1169 568 φρονήσαντες
1217 491 1578 567 ἐπολιόρκεον
1632 492 1839 557 αὐτούς

223 580 437 657 ἡμέρας
490 579 608 640 δύο·
663 583 737 659 τῇ
791 579 850 639 δὲ
900 581 1062 658 τρίτῃ
1109 579 1460 640 ὖπόσπονδοι
1512 579 1838 658 ἐξέρχονται

226 673 287 727 ἐκ
351 673 452 745 τῆς
510 666 696 748 χώρης
754 666 885 727 ὅσοι
942 666 1096 743 ἦσαν
1149 665 1333 726 αὗτῶν
1383 663 1846 744 Λακεδαιμόνιοιί

226 757 547 817 ἐπετελέετο
576 757 636 816 δὲ
670 759 748 835 τῷ
779 757 1092 834 Κλεομένεϊ
1116 755 1158 832 ἦ
1183 755 1368 831 φήμη·
1413 755 1482 818 ὥς
1506 754 1620 837 γοῖρ
1650 754 1836 835 ἀνέβη

226 849 281 907 ἐς
306 844 411 920 τήν
438 844 746 922 ἀκρόπολιν
768 846 996 922 μέλλων
1023 842 1092 919 δή
1122 842 1297 919 αὐτὴν
1318 842 1722 921 κατασχήσειν,
1745 843 1839 921 ἤϊε

225 936 281 994 ἐς
320 932 386 992 τὸ
429 931 629 992 ἄδυτον
667 938 768 1009 τῆς
814 933 944 992 θεοῦ
991 932 1066 995 ὥς
1102 933 1440 1009 προσερέων·
1496 931 1534 1007 ἦ
1575 932 1635 990 δὲ
1681 934 1836 1011 ἱρηΐη

223 1020 587 1088 ἐξαναστᾶσα
616 1026 678 1080 ἐκ
709 1025 811 1081 τοῦ
846 1021 1047 1097 θρόνου
1080 1020 1214 1098 πρὶν
1245 1017 1282 1095 ἢ
1314 1018 1415 1082 τὰς
1453 1021 1625 1095 θυρας
1662 1019 1839 1081 αὐτὰν

223 1106 478 1186 ἀμεῖψαι,
521 1108 660 1168 εἶπε·
702 1108 745 1167 ὦ
786 1109 931 1179 ξεῖνε
970 1107 1391 1183 Λακεδαιμόνιε,
1421 1107 1597 1167 πάλιν
1636 1109 1830 1187 χωρἐι,

218 1196 348 1271 μηδ’
392 1197 538 1257 ἔσιθι
595 1197 650 1260 ἐς
701 1196 770 1258 τὰ
824 1197 961 1273 ἱρόν·
1005 1196 1073 1256 οὗ
1113 1222 1226 1277 γαρ
1280 1195 1508 1271 θεμιτὸν
1551 1201 1837 1273 Δωριεῦσι

220 1286 478 1361 παριέναι
516 1284 803 1346 ἐνθαῦτα·”
861 1311 893 1344 ο
935 1285 995 1344 δὲ
1032 1285 1171 1343 εἷπε·
1229 1282 1324 1319 “’
1283 1310 1325 1342 ω
1368 1282 1546 1364 γύναι,
1588 1283 1722 1342 ἀλλ’
1766 1286 1837 1344 οὗ

226 1372 471 1448 Δωριεύς
509 1378 620 1450 εἰμι
654 1372 787 1431 ἀλλ’
812 1370 1093 1450 Ἀχαιός.”
1173 1372 1208 1432 ὅ
1243 1374 1347 1448 μὲν
1375 1370 1442 1446 δὴ
1468 1376 1541 1448 τῇ
1570 1371 1837 1447 κλεηδόνι

222 1459 382 1521 οὐδὲν
445 1459 771 1538 χρεώμενος,
827 1458 1160 1539 ἐπεχείρησέ
1214 1484 1279 1520 τε
1326 1460 1419 1518 καὶ
1471 1458 1601 1518 τότε
1657 1459 1838 1520 πάλιν

224 1546 484 1616 ἐξέπιπτε
521 1547 664 1625 μετὰ
703 1550 814 1607 τῶν
850 1547 1318 1625 Λακεδαιμονίων·
1359 1547 1489 1618 τούς
1526 1547 1585 1605 δὲ
1620 1545 1841 1612 ἅλλους

222 1634 512 1711 Ἀθηναῖοι
548 1634 859 1711 κατέδησαν
891 1635 995 1712 τὴν
1023 1635 1115 1695 ἐπὶ
1151 1633 1389 1714 θανάτῳ·
1432 1634 1491 1695 ἐν
1519 1635 1580 1694 δὲ
1608 1634 1839 1696 αὖτοῖσι

225 1723 318 1781 καὶ
343 1724 689 1800 Τιμησίθεον
715 1721 816 1783 τᾶν
845 1723 1099 1799 Δελφὸν,
1125 1727 1227 1783 τοῦ
1256 1724 1394 1804 ἔργα
1418 1726 1624 1801 χειρῶν
1648 1749 1711 1783 τε
1740 1725 1838 1784 καὶ

220 1811 474 1888 λήματος
515 1810 692 1892 ἔχοιμ’
728 1808 795 1871 ἂν
838 1812 1084 1893 μέγιστα
1129 1811 1450 1881 καταλέξαι.
1533 1809 1687 1872 οὗτοι
1727 1812 1839 1888 μέν

128 1897 205 1960 73
223 1923 320 1959 νυν
340 1900 619 1977 δεδεμένοι
640 1900 1028 1976 ἐτελεύτησαν.
1084 1899 1375 1974 Ἀθηναῖοι
1403 1899 1463 1959 δὲ
1487 1898 1630 1975 μετὰ
1654 1903 1838 1959 ταῦτα

223 1989 575 2049 Κλεισθένεα
611 1989 704 2047 καὶ
727 1988 801 2047 τοὶ
830 1986 1139 2047 ἑπτακόσια
1173 1986 1400 2047 ἐπίστια
1424 1986 1498 2047 τὰ
1526 1987 1837 2065 διωχθέντα

219 2073 329 2133 ὖπό
368 2077 723 2151 Κλεομένεος
763 2073 1280 2151 μεταπεμψάμενοι,
1322 2075 1612 2150 πέμπουσι
1661 2072 1833 2155 ἄγγε’-

222 2164 358 2224 λους
400 2166 454 2225 ἐς
483 2161 685 2238 Σάρδις
726 2161 1058 2239 συμμαχίην
1091 2161 1438 2238 βουλόμενοι
1477 2161 1837 2238 ποιήσασθαι

221 2247 363 2325 πρὸς
402 2249 652 2325 Πέρσας·
705 2247 1017 2325 ἠπιστέατο
1053 2249 1165 2330 γάρ
1203 2255 1317 2325 σφι
1357 2249 1837 2324 Λακεδαιμονίους

220 2361 285 2396 τε
326 2337 417 2395 καὶ
449 2337 777 2413 Κλεομένεα
817 2337 1343 2413 ἐκπεπολεμῶσθαι·
1379 2335 1727 2413 ἀπικομένων
1769 2336 1837 2397 δὲ

222 2427 334 2483 τῶν
370 2423 626 2505 ἀγγέλων
652 2429 708 2486 ἐς
746 2423 846 2487 τὰς
887 2424 1090 2501 Σάρδις
1131 2425 1224 2483 καὶ
1266 2423 1546 2505 λεγόντων
1581 2423 1653 2483 ταῖ
1686 2427 1835 2483 ἐντε-

221 2511 491 2587 ταλμένα,
514 2510 898 2588 Ἀρταφέρνης
922 2511 956 2571 ὅ
981 2511 1356 2582 Ὑστάσπεος,
1385 2512 1633 2589 Σαρδίων
1657 2511 1837 2589 ὕπαρ-

224 2623 342 2677 χος,
392 2600 659 2678 ἐπειρώτα
699 2601 842 2662 τίνες
895 2599 1078 2663 ἐόντες
1124 2599 1407 2678 ἅνθρωποι
1462 2601 1550 2659 καὶ
1595 2604 1678 2676 πῆ
1722 2603 1835 2680 γῆς

224 2688 505 2763 οἰκημένοι
531 2687 747 2747 δεοίατο
775 2686 1044 2764 Περσέων
1067 2686 1367 2766 σύμμαχοι
1391 2689 1655 2768 γενέσθαι
1674 2713 1690 2757 ;
1729 2714 1835 2747 πυ-

225 2772 459 2850 θόμενος
511 2774 570 2834 δὲ
623 2773 763 2851 πρός
808 2778 920 2834 τῶν
973 2773 1248 2856 ἀγγέλων,
1297 2774 1659 2852 ἀπεκορύφου
1715 2782 1834 2847 σφι

142 2915 153 2926 ,
222 2859 373 2921 τάδε·
416 2865 464 2922 εἰ
503 2864 606 2939 μὲν
632 2862 851 2921 διδοῦσι
886 2863 1132 2939 βασιλέἳ
1158 2863 1378 2942 Δαρείῳ
1404 2861 1694 2939 Ἀθηναῖοι
1719 2867 1837 2945 γῆν

222 2975 287 3009 τε
313 2949 406 3008 καὶ
431 2948 591 3026 ὕδωρ,
620 2949 653 3009 6
692 2950 752 3008 δὲ
792 2951 1125 3030 συμμαχίην
1165 2958 1280 3028 σφι
1322 2952 1665 3012 συνετίθετο·
1694 2955 1743 3009 εἰ
1770 2952 1836 3013 δὲ

220 3036 305 3115 μή
347 3038 578 3112 διδοῦσι,
623 3037 1113 3099 ἀπαλλάσσεσθαι
1156 3038 1355 3103 ‹nh-0133
1390 3041 1627 3099 ἐκέλευε·
1678 3042 1732 3098 οἶ
1769 3039 1836 3101 δὲ

222 3124 457 3208 ἄγγελοι
491 3127 583 3188 ἐπὶ
625 3128 820 3202 σφέων
856 3127 1035 3188 αὖτῶν
1072 3129 1389 3205 βαλόμενοι
1442 3128 1652 3188 διδόναι
1695 3128 1836 3203 ἔφα-

222 3238 351 3284 σαν,
371 3216 716 3292 βουλόμενοι
748 3218 851 3291 τήν
882 3215 1214 3294 συμμαχίην
1240 3214 1615 3291 ποιήσασθαι.
1672 3212 1837 3279 οὗτοι
