2100 3409
619 441 1321 515 ‘HPOAOTOY

432 639 954 707 ἸΣΤΟΡΙΩΝ
1025 634 1507 706 ἘΝΝΑΤΗ.

864 809 1061 836 -4-

746 935 1189 990 ΚΑΛΛΙΟΠΗ.

237 1041 713 1105 ΜΑΡΔΟΝῙΟΣ
769 1041 844 1111 δὲ,
893 1041 964 1106 ὥς
1017 1044 1070 1100 οἶ
1123 1041 1520 1119 ἀπονοστήσας
1569 1041 1767 1124 Ἀλέξ-θ
1780 1043 1811 1103 l

150 1129 361 1206 ανδρος
413 1126 487 1187 τὰ
537 1128 689 1205 παρὰ
727 1127 1034 1204 Ἀθηναίων
1090 1129 1348 1208 ε’σήμῃνε,
1396 1129 1656 1206 ὁρμηθεὶς
1702 1134 1761 1188 ἐκ

152 1216 492 1291 Θεσσαλίης
521 1214 625 1294 ἦγε
649 1215 754 1291 τήν
779 1215 1052 1292 στρατιὴν
1089 1216 1308 1293 σπουδῇ
1345 1216 1435 1274 ἐπὶ
1451 1270 1454 1273 ,
1471 1215 1571 1278 τοὶς
1595 1214 1761 1291 Ἀθή-

151 1328 275 1365 νας·
309 1301 444 1361 ὅκου
469 1302 528 1361 δὲ
555 1302 820 1362 ἑκάστοτε
837 1302 1063 1383 γίνοιτο,
1086 1302 1313 1365 τούτους
1338 1302 1759 1379 παρελάμβανε.

150 1393 316 1449 τοῖσι
360 1391 420 1448 δὲ
460 1391 786 1466 Θεσσαλίης
827 1389 1185 1471 ἡγεομένοισι
1234 1390 1358 1450 οὔτε
1399 1389 1470 1450 τοὶ
1512 1390 1621 1467 πρὸ
1661 1395 1761 1450 τοῦ

151 1477 543 1558 πεπρηγμένα·
590 1478 862 1553 μετέμελε
930 1477 1101 1550 οὐδὲν,
1155 1482 1355 1556 πολλῷ
1415 1505 1477 1538 τε
1534 1482 1760 1555 μᾶλλον

150 1569 376 1645 ε’πῆγον
415 1564 512 1624 τὸν
554 1566 804 1641 Πέρσην·
850 1565 940 1623 καὶ
981 1568 1429 1643 συμπροέπεμψέ
1464 1591 1525 1624 τε
1565 1565 1761 1642 Θώρηξ

153 1651 190 1713 ὅ
236 1656 593 1728 Ληρισσαῖος
637 1653 847 1727 Ξέρξεα
901 1652 1195 1731 φεύγοντα,
1248 1652 1338 1709 καὶ
1384 1652 1511 1710 τότε
1558 1658 1618 1710 ἐκ
1663 1656 1761 1711 τοῦ

155 1743 411 1816 φανεροῦ
437 1744 650 1816 παρῆκε
679 1739 1050 1815 Μαρδόνιον’
1026 1738 1118 1796 επὶ
1142 1737 1247 1812 τὴν
1264 1737 1535 1797 Ἑλλάδα.
1602 1738 1761 1798 Ἐπεὶ
1778 1743 1816 1799 2

155 1827 221 1887 δὲ
258 1826 627 1903 πορευόμενος
666 1826 876 1906 γίνεται
918 1852 949 1885 ο
992 1825 1233 1902 στρατὸς
1270 1830 1325 1884 ἐν
1365 1829 1680 1896 Βοιωτοῖσι,
1709 1829 1763 1886 οἶ

153 1917 412 1991 Θηβαῖοι
468 1912 898 1991 κατελάμβανον
941 1940 1058 1975 τον
1087 1913 1406 1989 Μαρδόνιον
1462 1914 1553 1970 καὶ
1605 1938 1761 1972 συνε-

153 2002 443 2080 βούλευον
471 2002 628 2081 αυτῷ,
658 1996 917 2083 λέγοντες
937 2001 1008 2066 ὥς
1029 2027 1128 2061 ουκ
1158 2002 1240 2077 εἴη
1267 2005 1447 2079 χῶρος
1475 1999 1761 2076 ἐπιτηδεό-

155 2115 319 2164 τερος
367 2089 968 2166 ενστρατοπεδευεσθαι
1016 2090 1242 2149 ε’κεινου·
1319 2088 1513 2147 unffi*
1486 2114 1583 2147 εων
1628 2088 1763 2147 ἰέναι

156 2178 457 2253 ἑκαστέρω,
487 2177 617 2236 ἀλλ’
647 2178 814 2236 αὐτοῦ
843 2176 1093 2254 ἱζόμενον
1118 2178 1325 2236 ποιέειν
1352 2177 1488 2239 ὅκως
1516 2176 1760 2255 ἀμαχητὶ

155 2266 264 2342 τήν
292 2270 485 2325 πᾶσαν
511 2264 764 2323 Ἑλλάδα
792 2262 1261 2344 καταστρέψηται·
1306 2275 1341 2300 “
1358 2264 1498 2323 κατὰ
1523 2268 1626 2340 μὲν
1652 2264 1761 2344 γάρ

154 2353 223 2413 τὸ
288 2352 524 2432 ἷσχυρὸν
578 2351 874 2428 Ἕλληνας
926 2351 1389 2428 ὁμοφρονέοντας,
1450 2354 1607 2429 οἵπερ
1671 2353 1761 2411 καὶ

155 2441 339 2518 πάρος
375 2439 550 2500 ταύτὰ
586 2440 902 2520 ἐγίνωσκον,
936 2439 1162 2518 χαλεποὶ
1202 2439 1339 2498 εἶναι
1379 2441 1759 2518 περιγίνεσθαι

157 2531 250 2587 καὶ
299 2528 483 2587 ἅπασι
538 2527 900 2602 ἀνθρώποισι·
986 2532 1033 2584 εἶ
1082 2526 1140 2583 δὲ
1190 2525 1445 2601 ποιήσεις
1488 2526 1559 2584 τὰ
1603 2525 1762 2601 ἡμεῖς

154 2614 576 2694 παραινέομεν,”
647 2616 867 2690 ἔφασαν
933 2615 1208 2695 λέγοντες,
1293 2624 1328 2649 “
1347 2614 1482 2682 ἕξεις
1549 2612 1762 2678 οἷπόνως

155 2704 380 2764 ἅπαντα
405 2703 476 2762 τσῖ
513 2704 703 2763 κείνων
737 2702 1122 2780 βουλεύματα.
1186 2703 1391 2777 ,πέμπε
1416 2701 1677 2780 χρήματα
1703 2707 1757 2765 ἐς

153 2794 287 2856 τούς
316 2791 748 2855 δυναστεύοντας
773 2790 974 2868 ἄνδρας
1011 2795 1069 2850 ἐν
1104 2793 1240 2869 τῇσι
1266 2794 1487 2848 πολισι·
1529 2792 1760 2866 πέμπων

154 2880 232 2950 δὲ,
261 2880 368 2954 τὴν
393 2879 646 2938 Ἑλλάδα
673 2879 1015 2954 διαστήσεις·
1063 2878 1309 2937 ἐνθεῦτεν
1336 2877 1394 2935 δὲ
1421 2878 1550 2940 τούς
1579 2877 1659 2952 μῆ
1685 2876 1758 2939 *ra*-

152 2968 236 3027 σσῖ
275 2966 615 3042 φρονέοντας
647 2968 863 3043 ῥηϊδίως
897 2966 1040 3041 μετὰ
1072 2969 1181 3024 τῶν
1215 2966 1569 3024 στασιωτέων
1596 2987 1756 3019 κατα-

152 3052 482 3131 στρέψεαι.”
564 3057 616 3112 οἱ
655 3057 758 3129 μὲν
797 3058 971 3112 ταῦτα
1012 3052 1440 3127 συνεβούλευον·
1496 3049 1527 3107 ὁ
1565 3048 1623 3104 δὲ
1659 3049 1811 3105 οὖκ3

153 3142 429 3208 ἐπείθετο,
471 3140 626 3199 ἀλλά
667 3146 720 3200 οἱ
761 3139 934 3201 δεινός
972 3165 1057 3201 τις
1098 3141 1394 3199 ἐνέστακτο
1437 3138 1621 3211 ἵμερος
1658 3132 1757 3194 τὰς

149 3226 403 3304 Ἀθήνας
432 3226 658 3304 δεύτερα
701 3228 892 3287 ἑλέειν·
940 3223 1059 3302 ἅμα
1091 3226 1196 3300 μὲν
1224 3223 1317 3282 ὕπ’
1344 3218 1754 3302 ἀγνωμοσύνης,
