2100 3409
213 85 492 148 120—126]
829 88 1240 139 mnpmxopn.
1748 96 1810 149 57

204 159 424 222 Ἰλιάδα
450 163 728 241 νέμονται,
757 157 872 227 εἷλε
899 168 958 227 δὲ
983 169 1256 250 Γέργιθας
1280 171 1411 236 τούς
1435 171 1806 251 ὖπολειφθέν-

206 276 304 314 τας
342 256 456 312 τῶν
496 252 740 333 ἀρχαίων
767 261 1036 333 Τευκρῶν·
1082 256 1248 322 αὐτός
1286 285 1349 318 τε
1373 259 1578 337 Ὺμέης
1615 264 1808 339 αἱρέων

203 344 382 399 ταῦτα
405 366 479 400 τα
506 341 666 401 ἔθνεα
693 342 876 402 νούσω
901 348 1189 424 τελευτᾷ’
1163 372 1221 405 εν
1245 350 1319 425 τῇ
1343 348 1578 426 Τρωάδι.
1660 348 1767 409 Οὗ-
1790 353 1905 412 123

201 451 298 490 τος
322 429 430 504 μὲν
455 427 524 503 δή
552 428 694 488 οὕτω
721 430 1070 508 ἐτελεύτησε·
1112 432 1493 511 Ἀρταφέρνης
1521 436 1640 495 δε“
1607 464 1638 497 ο
1667 439 1808 515 Σαρ-

203 514 406 574 δίωνιν
371 541 625 628 υπαρχος
662 517 755 576 καὶ
778 516 1078 595 Οτάνηςε
1045 547 1077 580 ο
1104 522 1290 597 τρίτος
1330 524 1660 605 στρατηγὸς,
1691 525 1809 584 ἐτά-

203 603 433 680 χθησαν
468 606 562 663 ἐπὶ
595 604 699 681 τὴν
736 604 948 682 Ἰωνίην
992 608 1084 666 καὶ
1115 607 1218 684 τήν
1257 613 1545 688 προσεχέα
1570 613 1810 671 Αἰολίδα

205 690 632 766 στρατεύεσθαι.
713 691 920 770 Ἰωνίης
959 695 1065 771 μέν
1107 722 1204 756 νυν
1252 698 1618 773 Κλαζομενὰς
1662 701 1805 778 αἱρέ-

204 802 348 849 ουσι,
392 780 643 840 Αἰολέων
684 781 745 839 δε
787 781 1008 859 Κύμην.

281 865 730 944 Αλισκομενέων
756 868 815 928 δὲ
840 874 949 929 τῶν
974 870 1261 941 πολίων,’
1224 898 1294 947 ην
1318 873 1429 954 γοῖρ
1458 872 1543 949 δὴ,
1566 874 1634 937 ὦς
1661 875 1901 938 Sti-124

202 953 336 1025 δεξε,
364 953 776 1036 Ἀρισταγόρης
816 957 848 1017 6
875 957 1168 1034 Μιλήσιος
1194 961 1381 1038 ψυχὴν
1409 961 1508 1020 οὐκ
1533 960 1717 1038 ἅκρος,
1745 963 1806 1027 ὃς

200 1042 442 1121 ταράξας
480 1069 587 1120 την
625 1043 836 1120 Ἰωνίην
885 1046 977 1105 καὶ
1017 1048 1460 1128 ἐγκερασάμενος
1501 1049 1805 1130 πρήγματα

199 1131 422 1213 μεγάλα
451 1130 706 1209 δρησμόν
731 1133 1079 1209 ἐβούλευε,“
1047 1134 1220 1210 ορέων
1252 1140 1449 1195 ταῦτα·
1490 1137 1631 1214 πρὸς
1657 1137 1718 1196 δέ
1751 1141 1804 1198 οἱ

201 1220 289 1278 καὶ
315 1219 561 1280 ἀδύνατα
589 1220 768 1297 ἐφάνη
794 1222 1052 1297 βασιλέα
1079 1225 1320 1298 Δαρεῖον
1352 1222 1801 1300 ὑπερβαλέσθαι·

198 1307 336 1384 πρός
377 1313 556 1367 ταῦτα
605 1307 673 1383 δή
718 1307 791 1367 ὧν
828 1309 1193 1391 συγκαλέσας
1232 1310 1361 1375 τούς
1391 1310 1797 1376 συστασιώτας

198 1394 550 1471 ἐβουλεύετο,
580 1395 760 1476 λέγων
781 1423 870 1509 *ως
903 1395 1131 1475 αμεινόν
1141 1405 1270 1474 σφι
1296 1400 1379 1474 εἴη
1408 1398 1802 1480 κρησφύγετόν

195 1509 250 1542 τι
281 1483 541 1563 υπάρχον
580 1482 806 1554 duab*
768 1510 839 1560 ην
877 1507 988 1561 αρα
1028 1486 1363 1555 ἐξωθέωνται
1394 1494 1455 1546 ἐκ
1481 1492 1583 1563 τῆς
1609 1488 1796 1564 Μιλή-

196 1598 313 1631 του·
360 1574 472 1631 εἴτε
501 1567 639 1647 δη’
600 1599 674 1632 ων
701 1577 756 1636 ἐς
785 1572 979 1650 Σαρδω
1006 1579 1067 1633 ἐκ
1093 1577 1194 1636 τοῦ
1224 1574 1401 1635 τόπου
1440 1576 1642 1641 τούτου
1672 1574 1802 1657 ἅγοι

197 1665 250 1724 ἐς
274 1659 556 1736 ἀποικίην,
576 1659 685 1719 εἴτε
711 1666 766 1724 ἐς
781 1661 1068 1738 Μύρκινον
1093 1662 1197 1738 την
1220 1663 1480 1724 Ἠδωνῶν
1503 1664 1607 1738 τήν
1633 1663 1801 1724 Ἱστ-ι,

195 1750 313 1811 αῖος
357 1750 566 1827 ἐτείχεε
613 1774 766 1827 παρα
810 1750 1054 1826 Δαρείου
1094 1750 1302 1827 δωρεὴν
1344 1750 1577 1826 λαβών,
1625 1754 1801 1809 ταῦτα

197 1836 470 1915 ἐπειρώτα
511 1835 543 1896 6
578 1836 1006 1919 Ἀρισταγόρης·
1047 1837 1345 1896 Ἑκαταίου
1386 1838 1490 1914 μέν
1532 1861 1629 1897 νυν
1659 1842 1759 1896 τοῦ
1781 1841 1894 1898 125

190 1922 608 2005 Ἡγησάνδρου,
637 1923 838 2002 ανδρὸς
864 1928 1189 2034 λογοποιοῦ,
1216 1926 1453 1985 τουτέων
1478 1927 1581 2002 μὲν
1613 1930 1675 1988 ’ἐς
1711 1924 1799 1983 οὖ-

194 2010 423 2089 δετέρην
448 2013 714 2072 στέλλειν
736 2013 957 2089 ἔφερε“
918 2035 957 2090 η
982 2013 1193 2093 γνώμη,
1216 2019 1273 2073 ἐν
1286 2013 1444 2092 Λέρῳ
1466 2014 1525 2072 δὲ
1550 2017 1621 2091 τῇ
1646 2011 1799 2094 νήσω

191 2103 379 2179 τεῖχος
406 2099 981 2179 οἰκοδομησάμενον“
944 2102 1190 2180 ησυχίην
1209 2099 1381 2183 ἄγειν,
1409 2100 1479 2177 ἢν
1501 2101 1711 2179 ἐκπέσῃ
1737 2106 1798 2160 ἐκ

191 2191 291 2263 Τἧς
317 2187 627 2267 Μιλήτου·
649 2190 837 2248 ἔπειτα
865 2189 924 2248 δὲ
950 2194 1010 2248 ἐκ
1036 2187 1239 2265 ταύτης
1265 2189 1613 2300 ὁρμεωμενον
1641 2213 1793 2248 κατε·-

190 2274 560 2336 λεύσεσθαι’
535 2301 590 2339 ες
612 2302 718 2352 την
745 2278 1026 2352 Μίλητον.
1080 2281 1257 2336 ταῦτα
1283 2280 1386 2353 μὲν
1414 2277 1522 2353 δη’“
1523 2280 1798 2340 Εκαταῖος

191 2362 597 2440 συνεβούλευε.
682 2363 843 2443 Aah?
890 2364 949 2423 δὲ
993 2363 1375 2446 Ἀρισταγόρῃ
1421 2364 1458 2441 ἦ
1511 2366 1757 2439 πλείστη
1778 2366 1891 2425 126

189 2451 389 2531 γνώμη
431 2449 502 2527 ἦν
547 2458 600 2515 ἐς
640 2452 744 2527 τὴν
784 2449 1071 2529 Μύρκινον
1104 2452 1357 2533 ἀπάγειν.
1438 2453 1544 2529 τήν
1584 2454 1687 2529 μὲν
1729 2452 1797 2527 δή

192 2628 358 2706 κίμῳ·
403 2626 569 2689 αύτὸς
603 2627 662 2685 δὲ
702 2628 1056 2705 παραλαβων
1090 2627 1275 2687 πάντα
1312 2627 1413 2688 τᾶν
1436 2626 1794 2704 βουλόμενον

193 2714 361 2773 ἔπλεε
405 2720 477 2777 ἐς
499 2715 602 2790 τὴν
638 2716 899 2792 Θρηικην,
938 2716 1030 2774 καὶ
1069 2716 1201 2794 ἔσχε
1240 2741 1346 2791 την
1381 2740 1568 2794 χωρην
1606 2713 1689 2772 ἐπ’
1726 2714 1797 2789 ἣν

195 2802 433 2876 ἐστάλη.
518 2807 578 2862 ἐκ
616 2803 674 2862 δὲ
709 2801 916 2878 ταύτης
950 2802 1296 2880 ὁρμεῶμενος
1335 2801 1653 2864 ἀπόλλυται
1685 2799 1795 2860 υπό

194 2890 449 2968 Θρηΐκων
492 2890 657 2952 αὐτός
696 2915 760 2950 τε
806 2889 839 2950 6
879 2888 1291 2970 Ἀρισταγόρης
1338 2890 1430 2947 καὶ
1477 2888 1508 2946 6
1556 2886 1798 2962 στρατός

196 2975 386 3046 αὐτοῦ,
428 2976 600 3038 πόλιν
645 2977 1096 3055 περικατήμενος,
1146 2978 1237 3035 καὶ
1283 2972 1645 3050 βουλομένων
1685 2972 1798 3028 τῶν

196 3065 451 3145 Θρηΐκων
486 3065 855 3126 υποσπόνδων
894 3064 1109 3134 ἐξιέναι.

824 3159 1143 3284 ειένῖῑῗ
