2100 3409
294 83 402 134 -194
916 81 1284 132 ἨΡΟΔΟΤΟΤ

306 166 506 237 σφεας,
558 166 725 221 τοῦτο
775 159 1243 238 προεφυλάξΜο
1295 161 1350 220 οἱ
1389 160 1631 237 Φωκέες·
1698 160 1789 218 καὶ
1829 160 1898 218 τὰ

304 249 448 326 ὕδωρ
486 248 554 309 τό
596 247 800 326 θερμόν
830 247 958 308 τότε
997 251 1211 323 ἐπῆκαν
1245 247 1338 307 ἐπὶ
1371 246 1477 323 τὴν
1501 247 1713 317 ἔσοδον,
1741 246 1810 310 ὦς
1831 245 1895 306 ἂν

306 336 687 415 χαραδρωθείη
728 334 761 412 ὁ
800 339 999 414 χῶρος·
1039 339 1155 395 πᾶν
1192 335 1611 413 μηχανεῶμενοι
1649 335 1783 398 ὅκως
1817 334 1893 412 μή
1979 372 1984 383 ·

307 431 422 501 σφι
448 423 754 500 ἐσβάλοιεν
780 426 835 482 οἱ
853 422 1149 483 Θεσσαλοὶ
1176 423 1269 482 ἐπὶ
1294 422 1399 497 τήν
1423 422 1631 501 χώρην·
1709 423 1773 484 τὸ
1797 422 1893 498 μέν

306 537 404 572 νυν
433 515 619 588 τεῖχος
651 509 719 569 τὰ
751 509 986 588 ἀρχαῖον
1017 516 1079 570 ἐκ
1116 514 1364 570 παλαιοῦ
1402 536 1465 570 τε
1506 511 1783 587 ἐδέδμητο,
1807 509 1891 568 καὶ

306 597 375 658 τδ
413 598 592 657 πλέον
630 595 801 658 αὐτοῦ
839 596 947 674 ἤδη
991 596 1104 658 ὖπδ
1144 597 1351 676 χρόνου
1390 599 1587 658 ἔκειτο·
1637 601 1785 658 τοῖσι
1821 596 1887 669 δὲ,

309 684 464 748 αὖτις
515 683 827 762 ὄρθόσασι,
870 685 1022 755 ἔδοξε
1074 686 1247 764 ταύτῃ
1301 684 1612 762 ἀπαμύνειν
1656 683 1764 744 dm?
1798 686 1890 758 τῆς

308 771 587 835 Ἑλλάδος
623 772 723 832 τᾶν
758 772 1082 850 βάρβαρον.
1163 773 1320 850 κώμη
1362 772 1425 831 δέ
1462 777 1587 832 ἐστι
1617 770 1888 853 ἀγχοτάτω

309 864 411 935 τῆς
436 859 584 930 ὁδοῦ,
609 858 886 936 Ἀλπηνοὶ
921 859 1149 937 οὔνομα·
1193 866 1254 920 ἐκ
1287 860 1493 936 ταύτης
1529 861 1593 920 δὲ
1624 861 1889 921 ἐπισιτιεῖ·

313 948 452 1008 σθαι
478 946 797 1058 ἐλογίζοντο
823 950 876 1007 οἶ
890 946 1188 1024 Ἕλληνες.

219 1034 335 1095 177
422 1038 496 1094 Οἱ
518 1036 625 1111 μέν
649 1060 746 1096 νυν
762 1039 937 1114 χῶροι
962 1033 1117 1095 οὗτοι
1140 1039 1296 1097 τοῖσι
1308 1034 1568 1111 Ἕλλησι
1593 1035 1728 1095 εἶναι
1747 1033 1890 1104 ἐφαί-

312 1149 473 1184 νοντο
526 1122 819 1198 ἐπιτήδεοι·
872 1121 1092 1182 ἅπαντα
1142 1149 1254 1203 γαρ
1302 1122 1768 1201 προσκεψάμενοι,
1807 1120 1890 1180 καὶ

311 1208 833 1293 ἐπιλογισθέντες
801 1235 889 1270 οτι
922 1208 1050 1270 οὔτε
1088 1209 1296 1286 πλήθει
1336 1210 1525 1279 ἕξουσι
1563 1206 1806 1289 χρᾶσθαι
1842 1210 1894 1268 οἱ

310 1298 603 1375 βάρβαροι
634 1296 760 1357 οὔτε
796 1297 962 1376 ἵππῳ,
993 1295 1169 1377 ταύτῃ
1199 1304 1313 1374 σφι
1343 1297 1494 1367 ἔδοξε
1524 1296 1780 1359 δέκεσθαι
1800 1295 1893 1355 τᾶν

312 1383 539 1445 ἐπιόντα
568 1384 664 1443 ἐπὶ
691 1383 798 1460 τήν
818 1383 1091 1444 Ἑλλάδα·
1147 1411 1218 1449 ως
1247 1386 1307 1445 δὲ
1339 1384 1608 1446 ἐπύθοντο
1636 1384 1735 1446 τδν
1758 1385 1894 1461 Πέρ·

311 1496 423 1545 σην
464 1469 626 1530 ἐόντα
665 1475 724 1530 ἐν
765 1472 984 1550 Πιερίῃ,
1017 1472 1365 1535 διαλυθέντες
1406 1477 1467 1532 ἐκ
1508 1477 1612 1533 τοῦ
1652 1473 1891 1550 Ἰσθμοῦ,

316 1556 712 1634 ἐστρατεύοντο
759 1556 938 1619 αὖτῶν
985 1562 1038 1619 οἶ
1083 1562 1186 1637 μὲν
1233 1565 1289 1623 ἐς
1328 1559 1698 1637 Θερμοπυλας
1745 1560 1892 1637 πεζῇ,

310 1643 483 1706 ἄλλοι
509 1646 568 1705 δὲ
593 1670 732 1706 κατα
761 1646 1066 1708 θάλασσαν
1094 1647 1179 1708 ἐπ’
1205 1647 1583 1725 Ἀρτεμίσιον.

221 1732 336 1795 178
420 1737 494 1794 Οἱ
530 1736 635 1810 μὲν
673 1733 742 1811 δὴ
772 1733 1052 1810 Ἕλληνες
1091 1736 1234 1795 κατοὶ
1269 1734 1442 1815 τάχος
1481 1733 1753 1811 ἐβοήθεον
1791 1731 1898 1792 δια-

309 1823 624 1901 ταχθέντες.
707 1822 933 1899 Δελφοὶ
958 1822 1006 1882 δ’
1032 1827 1092 1882 ἐν
1112 1821 1291 1903 τούτῳ
1324 1826 1403 1902 τῷ
1425 1821 1607 1903 χρόνῳ
1634 1827 1898 1903 ἐχρηστη·

308 1910 565 1986 ριάζοντο
609 1916 689 1992 τῷ
730 1913 854 1991 θεῷ,
899 1910 1040 1988 ὑπὲρ
1094 1914 1305 1971 ἑωυτῶν
1351 1911 1445 1970 καὶ
1485 1915 1588 1986 τῆς
1629 1910 1898 1975 Ἑλλάδος

308 2000 803 2078 καταρρωδηκότες·
859 2000 957 2059 καί
997 2005 1112 2076 σφι
1157 1998 1412 2078 ἐχρήσθη
1457 1997 1714 2076 οἶνέμοισι
1755 1998 1896 2079 εὔχε-

304 2087 468 2147 σθαι·
524 2086 806 2167 μεγάλους
848 2086 963 2168 γοῖρ
1002 2086 1232 2149 τούτους
1277 2086 1511 2148 ἔσεσθαι
1554 2089 1631 2165 τῇ
1669 2085 1898 2146 Ἑλλάδι

310 2173 661 2252 συμμάχους.
744 2174 968 2250 Δελφοὶ
1033 2174 1093 2233 δὲ
1160 2172 1447 2251 δεξάμενοι
1501 2172 1568 2233 τδ
1620 2173 1894 2249 μανι-η’ῖον,

309 2265 505 2345 πρῶτα
528 2262 644 2335 μὲν,
669 2259 960 2336 Ἑλλήνων
983 2265 1138 2322 τοῖσι
1155 2262 1565 2339 βουλομένοισι
1593 2260 1731 2321 εἶναι
1753 2265 1894 2321 ἐλευ-

311 2346 528 2427 θέροισι
552 2346 882 2429 ἐξήγγειλαν
904 2375 977 2409 τα
1001 2350 1325 2429 χρησθέντα
1350 2348 1595 2410 αὐτοῖσι·
1677 2373 1765 2407 και
1754 2349 1893 2424 ’σφι

310 2434 496 2497 δεινως
528 2435 973 2513 καταρρωδέουσι
1006 2461 1106 2496 τον
1133 2435 1440 2514 βάρβαρον
1465 2435 1890 2517 ἐξαγγεῶαντες,

306 2513 475 2601 χάριν
493 2519 768 2584 ἀθάνατον
793 2525 1105 2585 κατέθεντο·
1146 2549 1290 2600 μετα
1313 2523 1584 2598 δὲταῦτα,
1610 2549 1666 2583 οι
1646 2523 1892 2598 ’Δελφοὶ

306 2611 462 2670 τοῖσι
497 2611 760 2689 ἀνέμοισι
800 2610 1000 2688 βωμόν
1032 2636 1098 2671 τε
1135 2609 1407 2681 ἀπέδεξαν
1444 2616 1502 2672 ἐν
1532 2611 1691 2720 Θυίῃ,
1727 2614 1891 2688 τῇπερ

307 2721 410 2772 της
443 2703 716 2775 Κηφισοῦ
751 2698 1024 2780 θυγατρὸς
1059 2699 1231 2775 Θυίης
1262 2697 1330 2759 τό
1369 2698 1598 2775 τέμενός
1639 2702 1773 2767 ἐστι,
1811 2695 1887 2757 ἐπ’

304 2780 376 2860 ἧς
411 2785 505 2843 καὶ
537 2785 571 2844 ὁ
610 2789 791 2864 χῶρος
825 2783 985 2849 οὗτος
1018 2784 1124 2861 τὴν
1162 2786 1473 2863 ἐπωνυμίην
1511 2785 1645 2864 ἔχει·
1687 2785 1773 2844 καὶ
1804 2785 1887 2846 θυ-

307 2872 481 2949 σίῃσί
519 2877 704 2948 σφεας
740 2872 1034 2949 μετήῖσαν.
1117 2873 1344 2950 Δελφοὶ
1388 2875 1493 2951 μὲν
1530 2871 1604 2948 δὴ
1655 2872 1790 2932 κατὰ
1827 2872 1891 2935 τὰ

307 2959 655 3040 χρηστήριον
678 2959 762 3019 ἔτι
786 2960 878 3018 καὶ
903 2964 1002 3022 νῦν
1023 2960 1154 3025 τους
1180 2958 1414 3038 ἀνέμους
1439 2958 1784 3022 ἱλάσκονται.

217 3046 328 3108 179
412 3048 482 3109 ‘O
519 3049 581 3109 δὲ
611 3046 864 3110 ναυτικὰς
897 3049 1116 3127 Ξέρξεω
1149 3050 1411 3130 στρατδς,
1455 3048 1799 3129 ὅρμεῶμενος
1838 3056 1895 3114 ἐκ

306 3138 529 3215 Θέρμης
551 3136 768 3207 πόλιος,
795 3139 1095 3215 παρέβαλε
1119 3141 1287 3218 νηυσὶ
1310 3145 1450 3222 τῇσι
1474 3139 1684 3220 ἄριστα
1706 3142 1894 3203 πλεού-

308 3249 451 3302 σῃσι
476 3225 609 3286 δέκα
635 3224 723 3287 ἴθι)
744 3225 1006 3291 Σκιάθου·
1048 3229 1182 3292 ἔνθα
1204 3229 1358 3307 ἦσαν
1381 3230 1896 3308 προφυλάσσουσαι
