2100 3409
143 37 233 81 148
747 27 1113 80 ‘HPOAo'ro'w
1584 25 1769 92 [vn.

144 115 239 174 ἕνα
273 115 456 192 χῶρον
488 108 728 190 μυριάδα
763 108 1082 186 ἅνθρωπων,
1114 108 1205 166 καὶ
1243 106 1576 177 συνείξαντες
1621 135 1760 169 ταυ-

140 229 244 279 την
281 200 351 264 ὥς
374 200 629 278 μάλιστα
663 199 828 278 εἶχον,
859 198 1240 308 περιέγραψαν
1283 197 1477 265 ἔξωθεν
1519 195 1751 257 κύκλον·

144 289 583 370 περιγράψαντες
619 287 694 356 δὲ,
729 287 821 345 καὶ
861 263 1090 348 ἀπεντες
1130 312 1260 349 τους
1300 286 1544 363 μυρίους,
1580 290 1752 363 αἱμα-

144 377 278 453 σιήν
313 377 656 454 περιέβαλον
694 400 835 434 κατα
868 374 971 434 τόν
1013 375 1219 434 κύκλον
1259 374 1400 453 ὕψος·
1427 373 1751 450 ἀνήκουσαν

142 465 352 542 ἅνδρὶ,’
326 491 381 528 ες
404 489 503 525 τον
531 463 813 541 ὀμφαλὸν,
840 463 1048 539 ταύτην
1075 463 1134 522 δὲ
1160 463 1510 539 ποιήσαντες,
1534 462 1749 528 ἅλλους

145 552 492 629 ἐσεβίβαζον
519 556 575 615 ἐς
598 550 664 613 τὰ
692 551 1271 630 περιοικοδομημένον·
1298 552 1495 630 μέχρις
1522 549 1586 610 οὗ
1610 553 1745 612 πάν-

145 665 246 702 τας
279 639 457 720 τούτῳ
482 643 559 719 τῷ
584 638 773 719 τρόπῳ
800 639 1198 717 ἐξηρίθμησαν·
1241 637 1657 715 α’ριθμήσαντες
1692 641 1747 700 δὲ

149 726 288 786 κατὰ
334 727 490 787 ἔθνεα
531 727 850 787 διέτασσον.

51 816 124 873 61
233 818 306 873 Οἱ
348 814 409 873 δὲ
443 814 873 891 στρατευόμενοι
910 812 1091 874 οἶδε’
1054 839 1222 889 ησαν·
1264 814 1488 891 Πέρσαι
1512 840 1619 892 μεν
1645 814 1751 876 ὦδε

149 904 567 979 ἐσκευασμένοι·
608 903 736 980 περὶ
760 904 865 979 μὲν
888 906 1026 981 τῇσι
1053 906 1344 981 κεφαλῇσι
1372 901 1524 981 εἶχον
1553 902 1756 980 τιάρας

114 1046 124 1057 ,
147 990 529 1066 καλεομένους,
561 990 760 1054 πίλους
786 989 1054 1072 απαγέας·
1094 990 1222 1067 περὶ
1257 990 1318 1049 δὲ
1350 1016 1418 1049 το
1459 994 1632 1066 σῶμα.
1674 1019 1756 1052 κι-

146 1079 323 1141 θῶνας
348 1078 697 1158 χειριδωτους
722 1079 1024 1149 ποικίλους,
1053 1079 1280 1140 λεπίδος
1315 1078 1576 1155 σιδηρέης
1617 1078 1761 1159 ὄψιν

145 1166 496 1244 ἰχθυοειδέος·
538 1166 666 1244 περὶ
707 1167 766 1226 δὲ
804 1166 875 1225 τοὶ
916 1166 1128 1226 σκέλεα
1159 1163 1572 1243 αναξυρίδας,’
1535 1169 1668 1227 αντὶ
1696 1170 1762 1229 δὲ

143 1252 396 1314 α’,σπίὸων
443 1255 643 1335 γέρρα·
697 1253 806 1314 ὖπό
854 1254 929 1324 δὲ,
985 1257 1362 1331 φαρετρεῶνες
1412 1255 1730 1331 ἐκρέμαντο
1743 1285 1763 1299 ·

144 1367 351 1420 αιχμας
391 1341 451 1399 δὲ
489 1341 744 1419 βραχέας
784 1341 952 1420 εἶχον,
979 1342 1119 1411 τόξα
1157 1342 1219 1399 δὲ
1252 1342 1491 1422 μεγάλα,
1521 1340 1773 1411 ὄῖστους

142 1428 204 1485 δὲ
237 1428 593 1503 καλαμίνους·
634 1453 779 1506 προς
803 1429 877 1500 δὲ,
906 1429 1210 1510 ἐγχειρίδια
1236 1429 1389 1506 παρὰ
1425 1454 1525 1490 τον
1566 1429 1775 1501 δεξιὸν

142 1540 324 1592 μηρον
366 1540 818 1593 παραιωρευμενα
865 1522 926 1576 ἐκ
956 1521 1058 1593 τῆς
1094 1516 1282 1593 ζώνης.
1368 1517 1459 1576 καὶ
1498 1516 1782 1598 ἄρχοντα,

144 1605 479 1682 παρείχοντο
524 1602 776 1677 Ὀτάνεα,
827 1631 929 1665 τον
973 1605 1319 1682 Ἀμήστριος
1365 1605 1598 1681 πατέρα,
1660 1616 1786 1688 τῆς

142 1691 358 1769 Ξέρξεω
403 1690 678 1773 γυναικός.
759 1694 1084 1773 (ἐκαλέοντο
1138 1694 1198 1752 δὲ
1250 1692 1430 1752 παλαι
1479 1719 1594 1753 υπο
1657 1702 1787 1773 μὲν

139 1778 429 1855 Ἑλλήνων
472 1783 757 1856 Κηφῆνες,
798 1779 908 1840 akr&
949 1782 1141 1857 μέντοι
1189 1782 1382 1856 σφέων
1429 1778 1617 1841 αὐτῶν
1673 1790 1790 1847 καὶ

140 1871 251 1926 τῶν
290 1869 582 1945 περιοίκων
605 1866 872 1945 Ἀρταῖοι·
915 1868 1036 1927 ἐπεὶ
1076 1868 1135 1927 δὲ
1172 1868 1426 1945 Περσεύς
1456 1867 1487 1928 ὅ
1518 1873 1792 1952 Δανάης

139 1980 203 2013 τε
245 1956 338 2015 καὶ
379 1954 518 2020 Διος
559 1955 789 2015 απίκετο
831 1956 985 2032 παρὰ
1025 1958 1236 2032 Κηφέα
1271 1982 1372 2017 τον
1401 1956 1622 2031 Βήλου,
1675 1966 1793 2025 καὶ

141 2044 277 2121 ἔσχε
303 2042 473 2102 αὐτοῦ
498 2042 604 2118 τήν
630 2043 906 2123 θυγατέρα
927 2044 1318 2121 Ἀνδρομέδην,
1345 2045 1558 2125 γίνεται
1599 2048 1794 2111 αὐτ-ὢ

140 2130 271 2192 πάϊς
315 2134 393 2207 τῷ
440 2153 652 2205 ουνομα
698 2131 853 2191 ἔθετο
906 2132 1164 2209 Πέρσην·
1217 2136 1416 2192 τοῦτον
1462 2130 1523 2191 δὲ
1574 2134 1794 2201 αὐτοῦ

142 2188 482 2285 καταλείπει,
522 2214 791 2296 ἐτύγχανε
828 2245 940 2299 γαρ
973 2244 1141 2283 απαις
1178 2219 1280 2278 ἐων
1316 2219 1348 2279 ὅ
1385 2220 1634 2295 Κηφευς
1685 2227 1793 2305 ἔρ-

140 2327 303 2365 σενος
342 2301 527 2382 γόνου,
566 2304 659 2363 ἐπὶ
696 2306 896 2365 τούτου
933 2307 992 2365 δὲ
1026 2307 1131 2383 τήν
1172 2309 1478 2385 ἐπωνυμίην
1522 2309 1793 2399 ἔσχον.)

46 2392 123 2452 62
145 2389 335 2464 Μῆδοι
371 2390 431 2448 δὲ
468 2389 573 2465 τὴν
616 2390 789 2468 αὐτὴν
821 2393 1027 2470 ταύτην
1070 2396 1404 2471 ἐσταλμένοι
1447 2399 1793 2473 ἐστρατεύ-

140 2502 287 2537 οντο·
331 2478 556 2555 Μηδικὴ
592 2505 704 2559 γαρ
739 2479 878 2557 αὕτη
914 2481 953 2558 ἦ
991 2482 1165 2558 σκευή
1204 2487 1344 2551 ἐστι,
1375 2482 1465 2542 καὶ
1499 2508 1573 2541 ου
1602 2490 1791 2569 Περ-

139 2564 295 2642 σική.
377 2570 433 2627 οἱ
472 2567 532 2626 δὲ
558 2567 811 2644 Μῆδοι”
775 2591 1020 2647 αρχοντα
1045 2572 1150 2647 μὲν
1175 2570 1507 2650 παρείχοντο
1540 2577 1792 2656 Τιγρά-

138 2677 253 2728 νην,
282 2653 454 2731 ανδρα
476 2653 889 2734 Ἀχαιμενίδην.
959 2656 1281 2737 (ἐκαλέοντο
1309 2658 1368 2716 δὲ
1393 2656 1582 2718 πάλαι
1610 2667 1795 2742 πρὸς

136 2739 355 2799 πάντων
385 2739 589 2818 ”·Αριοι
632 2741 967 2820 ἀπικομένης
1007 2744 1068 2803 δὲ
1104 2745 1355 2822 Μηδειης
1392 2748 1491 2820 τῆς
1523 2752 1794 2859 Κολχί-

138 2829 232 2891 δος
272 2828 334 2898 ἐξ
355 2826 631 2905 Ἀθηνέων
664 2834 719 2893 ἐς
743 2856 873 2893 τους
891 2830 1119 2940 Ἀρίους
1144 2859 1386 2903 τουτους,
1412 2835 1794 2911 μετέβαλον

135 2917 230 2976 καὶ
266 2914 420 2977 οὗτοι
458 2941 525 2975 το
566 2941 792 2993 ουνομα·
838 2917 999 2978 αυτοὶ
1036 2919 1097 2979 δὲ
1136 2921 1266 2999 περὶ
1294 2922 1486 2997 σφέων
1513 2919 1640 2985 ὧδε
1678 2933 1792 2992 λέ-

133 3030 305 3084 γουσι
348 3002 582 3082 Μῆδοι.)
663 3005 901 3064 Κίσσιοι
944 3007 1004 3065 δὲ
1046 3010 1477 3088 στρατευόμενοι
1517 3037 1606 3071 τα
1659 3024 1794 3096 μὲν

134 3091 291 3151 ἄλλα
327 3090 572 3167 κατάπερ
601 3091 822 3168 Πέρσαι
863 3094 1218 3156 ἐσκευαδατο·
1262 3097 1384 3158 ἀντὶ
1409 3097 1469 3156 δὲ
1495 3103 1628 3161 τῶν
1684 3110 1794 3169 πί.

135 3181 267 3250 λων,
293 3178 635 3257 μιτρηφόροι
673 3176 843 3254 ἦσαν.
926 3183 1189 3245 Κισσίων
1222 3185 1354 3245 δὲ’
1317 3210 1456 3263 ηρχε
1478 3183 1795 3271 Ἀνάφης

2026 2948 2087 3270 aig-{f
2024 1878 2087 2911 Eff-E·P⁴-g’‘t*²ff‘›f·ff'ffwa
2053 1789 2087 1845 Μ
2049 1694 2080 1756 22·
2059 1611 2084 1666 ω*
2053 1369 2085 1579 tvm!
2063 1280 2085 1315 ὲ.
