2100 3409
144 75 231 134 28,
264 71 352 136 29]
778 71 1156 123 mmmm.
1649 72 1745 123 29⁵

144 150 215 210 δέ
235 156 353 227 σφι
376 150 598 211 eaor-ro
622 150 852 211 ἑστάναι
871 154 925 211 οἶ
946 153 1293 229 Σπαρτιῆται
1310 151 1440 215 τοῦς
1457 150 1747 232 Τεγεήτας,

148 239 247 296 καὶ
270 241 438 314 τιμῆς
464 237 642 297 εἵνεκα
667 239 760 298 καὶ
783 237 999 316 άρετῆς·
1039 238 1249 300 τούτων
1274 238 1320 299 δ’
1346 238 1495 313 ἦσαν
1520 238 1750 299 ὁπλῖται

146 325 330 404 χίλιοι
372 325 465 384 καὶ
511 325 888 402 πεντηκόσιοι.
966 325 1112 404 μετὰ
1159 327 1219 386 δὲ
1257 326 1482 387 τούτους
1525 326 1751 385 ἵσταντο

149 413 466 491 Κορινθίων
510 416 975 493 πεντακισχῦιιοι·
1057 414 1212 492 παρὰ
1256 415 1318 473 δέ
1362 421 1475 490 σφι
1528 412 1751 489 εὕροντο

147 500 306 578 παρὰ
333 501 669 562 Παυσανίεω
693 501 924 562 ἑστάναι
940 502 1351 578 Ποτιδαιητέων
1374 506 1484 562 τῶν
1509 507 1570 561 ἐκ
1590 506 1750 560 Παλ-

143 587 329 664 λήνης
360 588 492 651 τούς
515 589 823 665 παρεόντας
845 592 1217 666 τριηκοσίους.
1296 589 1504 650 τούτων
1534 589 1594 649 δὲ
1631 589 1751 668 ἐχό-

144 700 313 753 μενοι
353 675 585 737 ἵσταντο
607 675 873 753 Ἀρκάδες
902 676 1259 756 Ὀρχομένιοι
1290 677 1591 747 ἑξακόσιοι·
1630 675 1753 736 τού-

146 789 261 823 των
307 762 385 832 δὲ,
428 762 716 828 Σικυώνιοι
756 765 1085 843 τρισχίλιοι.
1165 763 1373 824 τούτων
1425 764 1487 823 δὲ
1538 766 1754 843 εἴχοντο

146 849 518 927 Ἐπιδαυρίων
543 850 878 912 ὀκτακόσιοι.
918 852 1073 930 παραὶ
1094 853 1155 912 δὲ
1178 850 1406 916 τούτους
1424 853 1755 929 Τροιζηνίων

150 937 472 998 ἐτάσσοντο
505 940 701 1018 χιλιοι.
783 941 1113 1016 Τροιζηνίων
1143 941 1203 999 δὲ
1235 940 1505 1018 ἐχόμενοι,
1543 947 1754 1016 Λεπρε·

148 1025 333 1102 ητέων
350 1023 642 1101 διηκόσιοι·
668 1026 876 1088 τούτων
895 1028 971 1097 δὲ,
994 1026 1328 1103 Μυκηναίων
1348 1029 1441 1086 καὶ
1459 1028 1755 1104 Τιρυνθίων

147 1111 529 1190 τετρακόσιοι.
608 1113 818 1176 τούτων
858 1116 918 1174 δὲ
960 1114 1232 1194 ἐχόμενοι,
1265 1114 1532 1174 Φλιάσιοι
1561 1120 1756 1193 χιλιοι·

150 1200 315 1278 παραὶ
372 1201 434 1261 δὲ
483 1201 710 1266 τούτους
763 1204 1013 1269 ἔστασαν
1061 1201 1376 1280 Ἑρμιονέες
1426 1202 1755 1279 τριηκόσιοι.

150 1289 491 1366 Ἑρμιονέων
535 1289 596 1350 δὲ
636 1290 891 1370 ἐχόμενοι
932 1291 1161 1351 ἵσταντο
1202 1289 1523 1368 Ἐρετριέων
1561 1315 1624 1349 τε
1666 1290 1758 1350 καὶ

152 1375 413 1454 Στυρέων
432 1376 731 1446 ἑξακόσιοι·
755 1379 966 1441 τούτων
984 1379 1045 1440 δὲ
1065 1378 1371 1441 Χαλκιδέες
1387 1377 1758 1456 τετρακόσιοι·

149 1464 370 1526 τούτων
419 1464 496 1535 δὲ,
547 1463 1002 1543 Ἀμπρακιητέων
1054 1466 1429 1543 πεντηκόσιοι.
1510 1465 1653 1544 μετὰ
1699 1466 1760 1525 δὲ

149 1553 406 1622 τούτους,
425 1554 739 1614 Λευκαδίων
757 1555 851 1613 καὶ
868 1553 1238 1632 Ἀνακτορίων
1258 1554 1581 1616 ὀκτακόσιοι
1598 1556 1761 1615 ἔστα-

152 1666 294 1702 σαν·
323 1639 532 1702 τούτων
556 1641 617 1701 δὲ
644 1641 916 1721 ἐχόμενοι,
937 1644 1161 1705 Παλέες
1188 1645 1242 1700 οἱ
1268 1648 1329 1701 ἐκ
1357 1644 1761 1751 Κεφαλληνίης

150 1728 459 1802 διηκόσιοι.
519 1755 663 1806 μετα
690 1732 751 1791 δὲ
772 1730 1018 1800 τούτους,
1047 1730 1384 1841 Αἰγινητέων
1407 1730 1763 1805 πεντηκόσιοι

152 1816 505 1895 ἐτάχθησαν.
585 1843 738 1896 παρα
764 1818 825 1878 δὲ
853 1817 1084 1881 τούτους
1121 1816 1434 1877 ἐτάσσοντο
1460 1817 1765 1897 Μεγαρέων

154 1905 492 1983 τρισχιλιοι.
554 1906 770 1984 εἴχοντο
798 1906 858 1965 δε
881 1905 1106 1975 τούτων,
1131 1882 1441 1968 Πλαταιέες
1466 1903 1763 1973 εξακόσιοι.

155 1995 474 2052 τελευταῖοι
500 1992 561 2053 δὲ
586 1995 679 2053 καὶ
704 1997 915 2071 πρῶτοι
937 1992 1277 2069 Ἀθηναῖοι’
1253 1990 1577 2062 ετάσσοντο,
1607 1991 1765 2068 κέρας

160 2084 388 2159 ἔχοντες
427 2078 494 2140 τό
538 2080 830 2158 εὐώνυμον,
862 2081 1294 2161 όκτακισχῦιιοι·
1352 2078 1687 2158 ἐστρατήγεε
1719 2077 1767 2136 δ’

159 2167 348 2227 αὐτῶν
380 2166 727 2244 Ἀριστείδης
761 2169 794 2229 ὁ
828 2169 1185 2249 Λυσιμάχου.
1268 2166 1437 2237 οὗτοι,
1473 2166 1625 2241 πλὴν
1658 2169 1769 2225 τῶν

160 2254 310 2316 {md
351 2255 480 2333 περὶ
520 2257 757 2316 ἕκαστον
794 2257 1143 2338 τεταγμένων
1183 2255 1584 2333 Σπαρτιήτῃσι,
1620 2252 1770 2329 ἦσαν

162 2344 417 2413 ὁπλῖται,
438 2344 781 2409 συνάπαντες
801 2345 980 2408 ἐόντες
999 2345 1238 2423 άριθμδν
1256 2347 1402 2420 τρεῖς
1426 2369 1489 2403 τε
1514 2343 1769 2419 μυριάδες

164 2433 263 2491 καὶ
298 2430 446 2492 dea-<23
472 2432 724 2511 χιλιάδες
755 2433 848 2492 καὶ
881 2433 1233 2495 ἑκατοντάδες
1265 2431 1421 2490 ἑπτά.
1503 2429 1769 2488 Ὀπλῖται
1786 2429 1863 2489 29

161 2523 272 2597 μὲν
303 2522 359 2579 οἶ
393 2520 597 2584 πάντες
631 2521 1000 2601 συλλεγέντες
1036 2521 1127 2578 ἐπὶ
1167 2518 1266 2578 τόν
1296 2517 1598 2593 βάρβαρον
1623 2516 1771 2590 ἦσαν

164 2611 453 2668 τοσοῦτοι·
495 2612 677 2686 ψιλῶν
703 2608 765 2668 δὲ
789 2609 1011 2682 πλῆθος
1034 2606 1107 2681 ἦν
1136 2605 1282 2666 τόδε·
1323 2608 1425 2679 τῆς
1455 2605 1559 2680 μὲν
1587 2605 1773 2680 Σπαρ-

164 2699 418 2771 τιητικῆς
436 2694 623 2765 τάξιος
640 2695 1089 2774 πεντακισχίλιοι
1109 2694 1201 2752 καὶ
1219 2691 1539 2769 τρισμύριοι
1564 2691 1772 2769 ἄνδρες,

167 2783 240 2848 ὥς
268 2781 468 2844 ἐόντων
496 2785 634 2844 ἐπταῖ
660 2785 788 2861 περὶ
818 2785 1055 2843 ἕκαστον
1082 2780 1270 2858 ἄνδρα·
1315 2782 1407 2840 καὶ
1432 2779 1640 2839 τούτων
1665 2785 1777 2844 πὰἷς

164 2898 252 2935 τις
299 2869 624 2949 παρήρτητο
669 2871 740 2935 ὥς
782 2878 837 2934 ἐς
881 2869 1153 2947 πόλεμον·
1216 2872 1269 2928 οἱ
1315 2869 1374 2928 δὲ
1415 2871 1524 2927 τῶν
1564 2870 1777 2925 λοιπῶν

165 2958 623 3036 Λακεδαιμονίων
676 2961 767 3020 καὶ
817 2957 1111 3033 Ἑλλήνων
1163 2958 1341 3035 ψιλοι,
1396 2982 1466 3018 ως
1519 2954 1595 3015 εἷς
1647 2954 1776 3028 περὶ

169 3049 416 3107 ἕκαστον
452 3047 554 3109 ἐων
589 3046 778 3126 ανδρα,
812 3045 1171 3107 πεντακόσιοι
1206 3046 1298 3103 καὶ
1336 3039 1779 3118 τετρακισχίλιοι

167 3136 267 3195 καὶ
307 3136 628 3214 τρισμίριοι
686 3136 853 3212 ἦσαν·
898 3137 1079 3212 ψιλῶν
1116 3135 1220 3210 μὲν
1261 3132 1328 3208 δὴ
1375 3154 1484 3190 των
1524 3124 1779 3186 εἰπόντων

166 3222 437 3303 μαχίμων
483 3223 554 3300 ἦν
593 3224 660 3285 τό
708 3224 929 3299 πλῆθος
971 3221 1033 3291 ἔξ
1082 3245 1145 3281 τε
1192 3218 1452 3297 μυριάδες
1493 3213 1585 3273 καὶ
1626 3213 1784 3273 ἐννέα
