2100 3409
329 56 426 104 254
954 48 1318 99 'HPOAo'ro'r
1739 47 1934 114 [vus.
2030 56 2032 171 4

329 160 505 212 μενοι,
527 136 584 198 ἐς
605 131 711 210 τήν
730 130 1028 208 Σαλαμῖνα
1053 129 1276 190 διένεον·
1314 130 1427 191 τιῦν
1452 128 1514 190 δέ
1538 128 1865 207 βαρβάρων
1889 132 1941 191 οἶ

328 222 543 282 πολλοὶ
597 226 655 281 ἐν
715 223 787 300 τῇ
843 218 1115 296 θαλάσσῃ
1175 216 1583 295 διεφθάρησαν,
1644 218 1791 278 νέειν
1845 217 1937 278 οὔκ

332 307 711 385 ἐπιστάμενοι.
793 307 913 366 ἐπεὶ
967 307 1027 366 δὲ
1080 307 1139 365 αἱ
1189 309 1406 383 πρῶται
1446 311 1500 369 ἐς
1550 304 1749 387 φυγήν
1790 306 1937 385 ἐτρά·
2032 260 2034 361 1

333 422 526 467 ποντο,
570 397 806 455 ἐνθαῦτα
848 397 908 454 αἱ
947 396 1216 454 πλεῖσται
1262 393 1668 471 διεφθείροντο·
1740 398 1799 455 οἱ
1834 393 1937 506 γὰρ

333 482 539 544 ὄπισθε
558 483 902 563 τεταγμένοι,
923 484 979 546 ἐς
1000 508 1070 542 το
1097 480 1318 559 πρόσθε
1335 485 1474 561 τῇσι
1494 482 1667 558 νηυσὶ
1684 484 1937 562 παριέναι

332 571 676 648 πειρώμενοι,
730 569 801 633 ὦς
854 569 1257 648 ἀποδεξόμενοί
1309 596 1364 631 τι
1418 570 1512 629 καὶ
1564 569 1728 630 αὐτοὶ
1785 573 1936 652 ἔργον

335 659 592 734 βασιλέἰ,
633 662 772 738 τῇσι
811 662 1124 738 σφετέρῃσι
1164 659 1328 735 νηυσὶ
1376 657 1741 738 φευγούσῃσι
1793 684 1936 737 περι-

335 773 578 809 επιπτον.
2037 776 2038 779 ’

239 836 318 894 90
414 834 671 918 Ἐγένετο
711 835 770 895 δὲ
810 835 904 894 καὶ
941 833 1070 894 τόδε
1111 838 1170 894 ἐν
1207 835 1285 912 τῷ
1326 833 1551 912 θορύβῳ
1589 832 1796 913 τούτῳ·
1832 837 1933 894 τῶν
2039 872 2040 921 1

332 947 476 987 τινες
520 925 787 984 Φοινίκων
830 926 941 982 τῶν
986 925 1047 981 αἱ
1085 925 1211 998 νῆες
1250 921 1639 998 διεφθαρέατο,
1684 921 1932 986 ἐλθόντες
2039 932 2040 939 ’

334 1011 488 1088 παρὰ
511 1012 767 1087 βασιλέα
793 1011 1104 1087 διέβαλλον
1127 1010 1260 1074 τοῦς
1273 1007 1482 1083 Ἴωνας,
1506 1008 1580 1074 ὥς
1604 1008 1678 1069 δι’
1704 1011 1931 1073 ἐκείνους

334 1097 648 1160 ἀπολοίατο
703 1101 760 1158 αἱ
808 1102 949 1174 νῆες,
999 1097 1071 1161 ὦς
1122 1097 1459 1175 προδόντων·
1527 1097 1823 1174 συνήνεικε
1866 1096 1931 1158 ὧν
2040 1076 2042 1185 1

336 1185 492 1261 οὕτω,
549 1187 695 1248 ὥστε
746 1186 943 1247 ’Ῑῶνων
982 1211 1047 1246 τε
1087 1185 1217 1248 τοῦς
1269 1186 1620 1266 στρατηγοῦς
1671 1184 1758 1262 μή
1805 1185 1930 1246 ἀπο-
2041 1188 2042 1191 ’

335 1275 556 1348 λέσθαι,
612 1275 878 1335 Φοινίκων
940 1299 1004 1334 τε
1062 1271 1192 1336 τοῦς
1252 1272 1674 1348 διαβάλλοντας
1731 1276 1930 1350 λαβεῖν

337 1364 549 1423 τοιόνδε
574 1362 803 1439 μισθόν·
847 1363 927 1420 ἔτι
945 1362 1157 1422 τούτων
1181 1364 1358 1421 ταῦτα
1377 1359 1675 1441 λεγόντων,
1698 1363 1928 1438 ἐνέβαλε

336 1449 429 1524 νηι
479 1448 706 1527 Ἀττικῇ
760 1448 1143 1526 Σαμοθρηῖκίη
1189 1453 1338 1524 νηῦς·
1407 1447 1444 1524 ἥ
1487 1473 1550 1509 τε
1598 1447 1669 1525 δή
1708 1448 1926 1525 Ἀττική

337 1534 646 1605 κατεδύετο,
675 1535 766 1595 καὶ
802 1537 1180 1615 ἐπιφερομένη
1204 1538 1464 1618 Αἰγιναίη
1501 1541 1635 1613 νηῦς
1667 1537 1928 1597 κατέδυσε

336 1626 448 1682 τῶν
473 1624 870 1702 Σαμοθρηίκων
893 1624 998 1701 τὴν
1024 1629 1150 1702 νῆα·
1185 1651 1283 1686 ατε
1311 1625 1429 1702 δή’
1403 1625 1583 1689 εόντες
1607 1623 1926 1686 ἀκοντισταὶ

338 1737 393 1770 οι
446 1711 842 1789 Σαμοθρήῖκες,
894 1712 1022 1776 τοῦς
1068 1712 1342 1789 ἐπιβάτας
1393 1711 1507 1773 ἀπο
1551 1717 1656 1788 τῆς
1708 1712 1926 1774 καταδυ-

335 1798 523 1876 σάσης
565 1825 696 1876 νηος
727 1799 1049 1876 βάλλοντες
1081 1800 1388 1876 ἀπήραξαν,
1425 1801 1517 1859 καὶ
1549 1800 1847 1877 ἐπέβησάν
1870 1825 1926 1862 τε

337 1887 431 1946 καὶ
498 1889 669 1965 ἔσχον
722 1887 913 1964 αυτήν.
995 1890 1173 1948 ταῦτα
1229 1887 1501 1968 γενόμενα
1559 1915 1694 1952 τους
1743 1889 1927 1953 Ἴωνας

337 1973 629 2051 ἐρρύσατο·
694 1975 764 2040 ὥς
807 1975 918 2058 γάρ
957 1974 1072 2035 εἶδέ
1115 1981 1301 2053 σφεας
1339 1976 1552 2084 Ξέρξης
1595 1976 1760 2056 ἔργον
1791 1977 1926 2059 μέγα

339 2064 767 2144 ἐργασαμένους,
829 2064 1099 2142 ἐτράπετο
1154 2062 1294 2141 πρός
1331 2089 1462 2127 τους
1511 2064 1787 2137 Φοίνικας,
1842 2065 1926 2125 οια

335 2149 816 2228 υπερλυπεόμενός
873 2178 937 2211 τε
1005 2151 1098 2210 καὶ
1152 2150 1365 2215 πάντας
1423 2151 1763 2228 αἰτιώμενος·
1843 2152 1932 2213 καί

337 2244 530 2345 σφεων
584 2241 844 2297 ἐκέλευσε
894 2246 994 2301 τοῖς
1049 2238 1302 2314 κεφαλάς
1347 2238 1659 2315 ἀποταμεῖν
1716 2240 1806 2299 ἵνα
1850 2239 1924 2318 μὴ

338 2321 497 2381 αυτοὶ
535 2325 694 2381 κακοὶ
727 2326 1014 2404 γενόμενοι
1054 2352 1183 2389 τους
1222 2324 1513 2405 ἀμείνονας
1553 2327 1922 2403 διαβάλλωσι.

339 2408 499 2489 (ὅκως
549 2408 660 2491 γάρ
711 2435 836 2471 τινα
875 2412 983 2472 ἴδοι
1027 2414 1239 2491 Ξέρξης
1283 2440 1392 2475 των
1435 2418 1635 2474 ἑωυτοῦ
1681 2417 1839 2497 ἔργον
1873 2440 1923 2477 τι

337 2494 798 2576 ἀποδεικνυμενον
839 2504 897 2560 ἐν
933 2504 1007 2579 τῇ
1047 2501 1343 2580 ναυμαχίῃ,
1375 2502 1683 2578 κατήμενος
1718 2529 1825 2564 υπο
1856 2507 1925 2584 q?

339 2581 487 2660 οὕρεῖ
520 2589 598 2665 τῷ
636 2585 824 2648 ἀντίον
865 2590 1186 2666 Σαλαμῖνος
1223 2615 1290 2649 το
1332 2590 1593 2651 καλέεται
1631 2591 1921 2670 Αιγάλεως,

335 2669 738 2734 ἀνεπυνθάνετο
777 2701 878 2736 τον
913 2674 1251 2784 ποιήσαντα·
1301 2677 1393 2737 καὶ
1429 2680 1483 2738 οἶ
1514 2678 1926 2788 γραμματισταὶ

333 2756 655 2865 ἀνέγραφον
679 2761 957 2839 πατρόθεν
981 2762 1084 2823 τὸν
1107 2764 1447 2847 τριήραρχον
1474 2766 1567 2824 καὶ
1596 2791 1705 2841 την
1727 2764 1924 2848 πόλιν.)

335 2846 477 2922 πρὸς
504 2845 563 2904 δὲ
590 2848 668 2905 ἔτι
695 2848 787 2906 καὶ
811 2847 1210 2925 προσελάβετο
1233 2852 1458 2926 φίλος’
1432 2879 1533 2912 εων
1547 2851 1925 2930 Ἀριαράμνης,

337 2931 477 3012 ἀνὴρ
506 2933 736 3010 Περσης
762 2937 996 3011 παρεών,
1013 2963 1216 2997 τουτου
1240 2942 1342 2998 τοῦ
1369 2940 1689 3016 Φοινικηΐου
1715 2940 1928 3004 πάθεος·

243 3019 317 3087 91
422 3024 496 3079 Οἱ
520 3023 623 3098 μὲν
651 3020 718 3096 δὴ
744 3022 885 3097 πρός
908 3022 1038 3085 τοῦς
1064 3027 1322 3089 Φοινίκας
1349 3027 1675 3103 ἐτράποντο.
1749 3032 1853 3089 τῶν
1875 3028 1936 3089 δὲ

336 3105 648 3185 βαρβάρων
703 3113 758 3171 ἐς
812 3107 1000 3189 φυγὴν
1046 3113 1407 3189 τραπομένων
1460 3116 1553 3174 καὶ
1597 3115 1933 3177 ἐκπλεόντων

337 3193 478 3267 πρός
527 3195 595 3256 τὰ
649 3194 929 3272 Φάληρον,
987 3201 1298 3279 Αἰγινῆται,
1358 3200 1710 3267 ὑποστάντες
1760 3206 1819 3264 ἐν
1861 3204 1936 3284 ἦ

67 3288 195 3374 μ
