2100 3409
193 75 426 142 17—22]
869 76 1177 127 orPAmA.
1703 83 1799 136 227

193 154 514 232 κατήκουσι
546 151 845 235 πρήγμασι
877 153 1011 215 τάδε
1042 156 1279 233 ποιητέα
1311 163 1426 235 σφι
1455 157 1594 220 εἶναι
1623 161 1801 244 ἔλεγε·

192 247 312 304 τῶν
345 267 412 301 τε
446 240 748 318 προβάτων
781 267 892 302 των
930 242 1227 319 Εὗβοῒκῶν
1258 246 1604 308 καταθυειν“’
1570 273 1684 308 οσα
1717 276 1799 313 τις

195 331 411 392 ἐθέλοι·
480 328 749 408 (κρέσσον
786 330 896 411 γὰρ
938 331 1076 390 εἶναι
1113 332 1218 409 τὴν
1270 333 1540 412 στρατιὴν
1581 336 1798 413 ἔχειν
1763 363 1800 414 η

191 416 332 481 τοῦς
373 416 718 497 πολεμίους’)
768 418 1034 494 παραίνεέ
1070 445 1135 480 τε
1163 426 1450 498 προειπεῖν
1482 426 1636 483 τοῖσι
1678 427 1800 483 ἑωυ-

193 508 312 565 τῶν
356 502 625 567 ἑκάστους
664 509 776 582 πῦρ
817 504 1112 566 ἀνακαίειν·
1168 509 1399 586 κομιδῆς
1440 510 1499 568 δὲ
1538 511 1665 586 πέρι
1698 511 1803 586 τήν

196 592 350 670 ὥρην
399 590 546 671 αὐτῷ
584 592 871 669 μελήσειν,
933 593 1080 653 ὥστε
1119 594 1344 661 ἀσινέας
1392 597 1691 658 ἀπικέσθαι
1746 605 1801 662 ἐς

192 679 305 755 τήν
327 678 599 738 Ἑλλάδα.
683 683 860 740 ταῦτα
883 680 1061 758 ἤρεσέ
1083 689 1195 758 σφι
1221 686 1444 745 ποιέειν·
1487 688 1578 745 καὶ
1605 686 1800 747 αὐτίκα

192 771 314 845 πῦρ
364 766 809 845 άνακαυσαμενοι
851 768 1153 846 ἐτράποντο
1204 772 1345 849 πρὸς
1393 773 1465 832 τοὶ
1514 775 1798 851 πρόβατα.

154 900 163 907 .
196 858 277 914 Οἱ
345 855 457 935 γὰρ
523 854 771 931 Εὐβοέες
840 857 1340 936 παραχρησάμενοι
1398 859 1499 921 τὸν
1565 862 1801 927 Βάκιδος
1817 865 1894 924 20

194 942 470 1022 χρησμὸν
523 942 595 1006 ὥς
633 943 790 1003 οὐδὲν
842 945 1099 1025 λέγοντα,
1141 945 1267 1006 οὔτε
1310 973 1366 1006 τι
1407 948 1800 1025 ἐξεκομίσαντο

198 1029 363 1090 οὐδὲν
389 1030 516 1090 οὔτε
546 1031 932 1108 προεσάξαπο
963 1032 1035 1096 ὥς
1069 1035 1457 1111 παρεσομένου
1494 1043 1606 1112 σφι
1631 1040 1801 1097 πολέ-

196 1145 330 1196 μου,
379 1119 678 1195 περιπετέα
720 1144 784 1179 τε
839 1119 1180 1196 ἐποιήσαντο
1234 1123 1410 1197 σφίσι
1458 1123 1681 1183 αῦτοῖσι
1728 1124 1802 1185 ταῖ

196 1205 527 1286 πρήγματα·
596 1205 793 1266 Βάκιδι
842 1206 954 1287 γὰρ
1007 1205 1113 1266 ὦδε
1165 1208 1279 1288 ἔχει
1330 1210 1460 1285 περὶ
1508 1209 1717 1270 τούτων
1770 1210 1804 1271 ὅ

195 1293 481 1373 κνησμός·

336 1398 515 1458 Φράζεο
546 1398 923 1461 βαρβαρόφωνον
955 1399 1074 1447 ὅταν
1106 1401 1248 1462 ζυγὸν
1281 1402 1344 1450 εἰς
1379 1401 1477 1450 ἅλα
1508 1401 1677 1464 βάλλῃ

333 1471 575 1531 βύβλινον,
618 1471 823 1532 Εὕβοΐης
857 1472 1060 1531 ἀπέχειν
1094 1475 1437 1533 πολυμηκάδας
1471 1476 1629 1537 αῒγας.

196 1553 456 1616 τούτοισι
479 1553 537 1613 δὲ
564 1554 720 1614 οὐδὲν
752 1559 906 1615 τοῖσι
941 1557 1103 1616 ἔπεσι
1127 1561 1541 1636 χρησαμένοισι
1566 1566 1624 1622 ἐν
1648 1564 1801 1620 τοῖσι

197 1642 333 1704 τότε
356 1643 636 1719 παρεοῦσί
655 1668 716 1702 τε
754 1644 845 1701 καὶ
875 1644 1314 1721 προσδοκίμοισι
1348 1652 1587 1718 κακοῖσι,
1615 1651 1803 1725 παρῆν

199 1736 318 1807 σφι
343 1735 617 1808 συμφορῇ
642 1732 893 1809 χρῆσθαι
919 1730 1060 1807 πρός
1084 1756 1156 1789 τα
1182 1732 1443 1812 μέγιστα.

286 1821 361 1877 Οἶ
390 1820 496 1893 μὲν
526 1817 595 1893 δη
631 1821 806 1877 ταῦτα
844 1819 1149 1894 ἔπρησσον,
1178 1823 1364 1894 παρῆν
1400 1819 1527 1877 δὲ’
1496 1847 1527 1880 ο
1559 1826 1618 1879 ἐκ
1656 1827 1795 1897 Τρη-
1816 1821 1888 1882 21

197 1909 358 1985 χῖνος
421 1904 794 1968 κατάσκοπος.
879 1903 950 1979 ἦν
1005 1908 1111 1982 μὲν
1161 1932 1270 1986 γαρ
1331 1904 1414 1964 ἐπ’
1464 1906 1800 1987 Ἀρτεμισίω

200 1993 575 2063 κατάσκοπος,
615 1991 862 2063 Πολυας,
896 1994 1056 2074 γένος
1089 1993 1452 2071 Ἀντικυρευς,
1484 1999 1561 2073 τῷ
1593 2018 1798 2072 προσε-

197 2082 450 2151 τέτακτο,
497 2081 613 2162 (καὶ
656 2081 771 2160 εἶχε
802 2084 1004 2140 πλοῖον
1043 2086 1275 2158 κατῆρες
1311 2086 1547 2161 ἑτοῖμον,
1605 2088 1652 2141 εἷ
1692 2108 1798 2141 πα-

198 2169 401 2244 λήσειε
436 2168 469 2228 ὁ
503 2169 757 2233 ναυτικὰς
785 2168 1041 2245 στρατός,
1081 2171 1372 2246 σημαίνειν
1396 2176 1548 2231 τοῖσι
1581 2175 1639 2231 ἐν
1664 2178 1800 2249 Θερ-

196 2256 499 2336 μοπύλῃσι
552 2262 726 2316 ἐοῦσι·
798 2256 868 2319 ὣς
919 2255 966 2314 δ’
1009 2257 1182 2321 αὕτως
1234 2257 1304 2335 ἦν
1355 2259 1714 2339 Ἀβρῶνυχος
1765 2258 1798 2319 ὁ

198 2346 534 2416 Λυσικλέος,
580 2345 892 2422 Ἀθηναῖος,
948 2346 1039 2404 καὶ
1091 2347 1243 2423 παρὰ
1288 2349 1533 2427 Λεωνίδῃ
1583 2351 1800 2423 ἑτοῖμος

198 2437 357 2494 τοῖσι
396 2433 480 2492 ἐπ’
514 2432 850 2512 Ἀρτεμισίῳ
891 2437 1047 2492 ἐοῦσι
1085 2432 1386 2513 ἀγγέλλειν
1419 2436 1797 2514 τριηκοντέρῳ,

197 2522 271 2598 ἦν
305 2547 361 2581 τι
395 2521 806 2600 καταλαμβάνῃ
840 2519 1104 2597 νεώτερον
1133 2521 1232 2581 τὸν
1267 2520 1452 2592 πεζόν.
1535 2519 1695 2585 οὗτος
1727 2521 1802 2582 ὧν

199 2610 233 2671 ὅ
258 2608 624 2688 Ἀβρῶνυχος
646 2607 978 2685 ἀπικόμενός
1004 2614 1117 2683 σφι
1143 2607 1408 2684 ἐσήμαινε
1432 2607 1505 2668 τοὶ
1527 2609 1801 2689 γεγονότα

197 2699 334 2775 περὶ
378 2697 654 2757 Λεωνίδεα
694 2697 786 2756 καὶ
830 2696 929 2757 τᾶν
969 2695 1216 2777 οτρατόν
1262 2694 1450 2756 αὐτοῦ·
1534 2700 1587 2757 οἱ
1630 2697 1688 2756 δὲ
1731 2697 1802 2762 ὥς

198 2785 477 2846 ἐπύθοντο
518 2790 709 2856 ταῦτα,
743 2784 926 2844 οὐκέτι
965 2789 1020 2847 ἐς
1056 2783 1347 2860 άναβολοῖς
1380 2789 1663 2847 ἐποιεῦντο
1699 2784 1802 2862 τήν

198 2873 590 2952 α’ποχῶρησιν·
657 2872 974 2950 ἐκομίζοντο
1007 2872 1067 2930 δὲ
1100 2871 1169 2934 ὥς
1202 2873 1428 2933 ἔκαστοι
1461 2872 1799 2954 ἐτάχθησαν,

198 2960 498 3037 Κορίνθιοι
523 2963 733 3036 πρῶτοι
757 2958 990 3018 ὕστατοι
1022 2958 1082 3016 δὲ
1106 2958 1411 3034 Ἀθηναῖοι.
1492 2958 1800 3034 Ἀθηναίων
1817 2962 1897 3018 22

200 3049 264 3108 δὲ
312 3048 439 3110 νέας
471 3046 571 3110 τὰς
612 3046 818 3124 ἄριστα
840 3044 1157 3109 ’πλωούσας
1200 3047 1590 3123 ἐπιλεξάμενος
1634 3051 1799 3118 Θεμι-

200 3135 486 3212 στοκλέης
512 3134 802 3214 ἐπορεύετο
827 3133 956 3212 περὶ
979 3132 1052 3193 τὰ
1076 3133 1289 3210 πότιμα
1313 3134 1502 3200 ὕδατα,
1526 3128 1803 3205 ἐντάμνων

186 3229 267 3286 ’ἐν
292 3226 449 3286 τοῖσι
478 3222 694 3286 λίθοισι
725 3223 1045 3304 γράμματα,
1071 3221 1146 3282 τοὶ
1166 3220 1354 3284 Ἴωνες
1379 3217 1705 3280 ἐπελθόντες
1730 3221 1804 3297 τῇ
