2100 3409
199 45 432 110 εις-σο]
846 44 1218 94 ΠΟΛΤΜΝῙΑ.
1723 51 1811 97 ιιτ

201 127 427 204 μίζετο,
454 121 527 183 τὰ
568 122 812 199 ἔμπαλιν
851 121 1128 234 πρήσσων
1165 125 1266 181 τοῦ
1291 123 1479 194 πεζοῦ·
1518 122 1551 185 ὅ
1575 127 1679 201 μὲν
1702 126 1814 234 γὰρ

201 239 351 292 προς
391 210 639 287 ἑσπέρην
677 209 839 269 ἔπλεε
877 210 968 269 ἐπὶ
954 208 1460 322 ..Σαρπηδονίης”
1426 237 1594 287 ακρης
1632 213 1814 272 ποιεύ-

202 328 375 380 μενος
403 298 511 375 τήν
539 298 800 370 ἅπιξιν,’
774 325 828 362 ες
852 289 989 374 *niv*
993 297 1143 378 αύτῷ
1177 299 1474 376 προείρητο
1501 296 1814 379 ἀπικομένῳ

203 389 545 467 περιμένειν·
589 385 622 446 ὅ
666 386 725 445 δὲ
769 385 885 447 κατ’
917 385 1148 465 ἤπειρον
1183 413 1424 465 στρατος
1458 412 1600 463 προς
1637 385 1719 463 ἠῶ
1752 414 1814 448 τε

206 478 305 540 καὶ
343 475 516 552 ἡλίου
557 473 835 539 ἀνατολὰς
877 476 1123 535 ἐποιέετο
1147 474 1252 551 τὴν
1278 474 1407 535 ὁδόν
1434 474 1524 534 διὰ
1548 478 1649 550 τῆς
1673 480 1815 552 Χερ-

207 564 489 640 σονήσου,
518 568 576 623 ἐν
619 562 768 642 δεξιῇ
805 565 909 639 μὲν
950 564 1089 643 ἔχων
1120 563 1220 623 τόν
1248 562 1469 639 Ἕλλης
1498 562 1683 639 τάφον
1716 567 1817 638 τῆς

206 652 585 729 Ἀθάμαντος,
615 655 673 711 ἐν
709 649 975 730 ἀριστερῇ
1015 651 1076 710 δὲ
1102 651 1351 727 Καρδίην
1381 650 1568 721 πόλιν,
1597 648 1686 709 διά
1714 650 1810 728 με’-

209 767 321 817 σ-ης
351 741 412 799 δὲ
439 739 809 816 πορευόμενος
834 738 1032 803 πόλιος
1062 743 1134 818 τῇ
1175 736 1385 815 οὕνομα
1422 738 1683 820 τυγχάνει
1724 737 1815 799 ε’δν

208 827 450 909 Ἀγορή·
496 828 745 888 ἐνθεῦτεν
787 826 846 886 δὲ
888 827 1152 904 κάμπτων
1189 826 1288 887 τόν
1328 827 1543 886 κόλπον
1574 825 1673 886 τᾶν
1699 828 1814 886 Μέ-

211 920 366 978 λανα
419 915 775 994 καλεόμενον,
818 916 911 975 καὶ
950 916 1190 975 Μέλανα
1230 915 1500 993 ποταμὸν,
1542 913 1641 976 οὔκ
1690 914 1814 976 ἀντ-

214 1003 460 1084 ισχόντα
485 1004 617 1065 τότε
634 1007 706 1082 τῇ
721 1007 959 1082 στρατιῇ
976 1003 1043 1063 τὰ
1064 1004 1290 1081 ῥέεθρον
1316 1001 1446 1063 ἀλλ’
1468 1002 1815 1073 ἐπιλιπόντα,

212 1097 418 1153 τοῦτον
459 1091 561 1153 τὸν
602 1090 858 1169 ποταμὸν
901 1090 1107 1167 διαβοίς
1143 1090 1250 1171 (ἐπ’
1288 1089 1354 1151 οὗ
1397 1091 1490 1150 καὶ
1529 1088 1562 1150 ὁ
1606 1089 1817 1153 κόλπος

214 1179 383 1244 οὗτος
417 1179 524 1257 τήν
565 1181 874 1257 ἐπωνυμίην
900 1179 1036 1258 ἔχει)
1074 1178 1160 1253 ἤϊε
1185 1178 1326 1254 πρὸς
1362 1178 1619 1255 ἑσπέρην,
1648 1178 1817 1238 Αἶνόν

212 1296 281 1329 τε
320 1268 490 1329 πόλιν
518 1268 754 1330 Αἰολίδα
795 1268 888 1327 καὶ
915 1265 1246 1343 Στεντορίδα
1284 1265 1489 1343 λίμνην
1525 1265 1814 1341 παρεξιών,

217 1363 276 1421 ἐς
301 1357 336 1417 ὃ
363 1355 595 1417 ἀπίκετο
622 1360 676 1420 ἐς
701 1356 1004 1434 Δορίσκον.
1077 1353 1145 1414 ‘O
1172 1353 1233 1413 δὲ
1258 1353 1538 1432 Δορίσκος
1567 1352 1688 1413 ἔστι
1711 1357 1812 1429 τῆς
1830 1355 1909 1414 59

217 1445 464 1523 Θρηίκης
492 1437 748 1524 αἰγιαλός
771 1469 834 1503 τε
860 1444 954 1502 καὶ
978 1443 1171 1503 πεδίον
1193 1443 1360 1522 μέγα·
1399 1440 1517 1521 (διὰ
1550 1441 1609 1500 δὲ
1642 1439 1814 1500 αύτσῦ

216 1534 334 1611 ῥέει
373 1531 626 1610 ποταμός
664 1532 838 1612 μέγας
866 1529 1127 1611 Ἕβρος·)
1169 1535 1227 1590 ἐν
1251 1533 1329 1609 τῷ
1352 1528 1540 1609 τεῖχός
1570 1555 1634 1589 τε
1675 1529 1815 1589 ἐδέδ-

216 1645 368 1698 μητο
408 1619 965 1696 βασιλήϊον-τοῦτο
992 1617 1078 1678 τὰ
1126 1617 1195 1694 δή
1232 1617 1514 1695 Δορίσκος
1553 1618 1819 1694 κέκληται

215 1708 398 1767 -καὶ
452 1708 719 1784 Περσέων
772 1706 992 1784 φρουρὴ
1039 1711 1099 1766 ἐν
1150 1704 1297 1784 αύτῷ
1335 1703 1667 1780 κατεστήκεε
1706 1704 1817 1765 ὖπό

220 1796 463 1873 Δαρείου
505 1794 569 1863 ἐξ
603 1794 810 1855 ἐκείνου
844 1797 945 1854 τοῦ
980 1793 1185 1872 χρόνου
1219 1792 1344 1851 ἐπεί
1375 1816 1437 1851 τε
1474 1791 1567 1851 ἐπὶ
1598 1791 1818 1855 Σκύθας

220 1880 606 1959 ἐστρατεύετο.
688 1881 840 1952 ἔδοξε
892 1880 966 1941 ὧν
1015 1885 1095 1959 τῷ
1137 1879 1319 1958 Ξέρξῃ
1371 1877 1404 1939 ὅ
1448 1881 1628 1957 χῶρος
1681 1877 1820 1937 εἶναι

220 1970 507 2047 ἐπιτήδεος
549 1968 860 2040 ἐνδιατάξαι
898 1995 961 2029 τε
1001 1969 1095 2027 καὶ
1131 1967 1501 2044 ἐξαριθμῆσαι
1524 1966 1624 2026 τόν
1648 1992 1817 2042 στρα-

217 2059 337 2120 τόν·
382 2059 476 2118 καὶ
503 2059 683 2118 ἐποίεε
705 2062 899 2118 ταῦτα.
980 2056 1081 2119 τὰς
1104 2057 1207 2133 μὲν
1233 2054 1301 2131 δή
1328 2056 1452 2118 νέας
1490 2054 1591 2118 τοὶς
1629 2053 1821 2118 πάσας

218 2147 561 2224 ἀπικομένας
609 2151 665 2209 ἐς
707 2146 991 2222 Δορίσκον
1032 2148 1087 2204 οἱ
1128 2142 1411 2224 ναύαρχοι,
1457 2141 1821 2206 κελεύσαντος

219 2235 456 2311 Ξέρξεω,
486 2238 542 2298 ἐς
565 2232 667 2293 τᾶν
693 2232 952 2314 αἰγιαλόν
976 2232 1077 2292 τόν
1104 2233 1389 2312 προσεχέα
1415 2231 1678 2311 Δορίσκῳ
1705 2231 1819 2291 ἐκό-

215 2346 419 2398 μισαν·
463 2326 522 2382 ἐν
546 2325 625 2398 τῷ
651 2321 811 2396 Σάλη
835 2346 898 2380 τε
925 2320 1307 2397 Σαμοθρηῖκίη
1332 2320 1676 2379 πεπόλισται
1716 2318 1817 2379 πό-

215 2416 311 2474 λις
359 2409 454 2468 καὶ
497 2408 669 2484 Ζώνη,
709 2408 1000 2467 τελευταία
1045 2408 1105 2466 δὲ
1147 2405 1316 2467 αὐτοῦ
1360 2409 1633 2485 Σέρρειον,
1679 2406 1821 2483 ἄκρη

218 2495 536 2575 ὀνομαστή·
581 2495 612 2555 ὁ
646 2496 706 2555 δὲ
741 2499 922 2573 χῶρος
965 2493 1126 2557 οὗτος
1164 2493 1231 2555 τό
1266 2493 1512 2554 παλαιὰν
1550 2493 1621 2570 ἦν
1652 2494 1822 2554 Κικό-

221 2611 348 2646 νων.
433 2589 489 2648 ἐς
513 2587 711 2644 τοῦτον
733 2581 834 2642 τόν
859 2582 1118 2664 αἰγιαλὸν
1154 2581 1545 2660 κατασχόντες,
1571 2581 1672 2645 τάς
1698 2583 1823 2645 νέας

219 2670 507 2750 ἀνέψυχον
544 2669 962 2734 ἀνελκύσαντες·
1006 2669 1037 2729 ὁ
1066 2670 1124 2728 δὲ
1152 2675 1210 2729 ἐν
1233 2673 1311 2748 τῷ
1336 2669 1598 2749 Δορίσκῳ
1623 2673 1823 2729 τοῦτον

220 2761 321 2822 τὸν
355 2759 561 2838 χρόνον
587 2762 688 2835 τῆς
714 2761 981 2834 στρατιῆς
1015 2755 1252 2834 ἀριθμόν
1294 2757 1558 2817 ἐποιέετο.
1628 2755 1816 2817 Ὅσον
1840 2754 1916 2814 60

220 2850 325 2925 μέν
367 2873 463 2907 νυν
505 2847 731 2907 ἔκαστοι
768 2849 1036 2923 παρεῖχον
1075 2845 1296 2919 πλῆθος
1337 2849 1391 2907 ἐς
1431 2843 1681 2922 ἀριθμὸν,
1725 2871 1823 2903 ουκ

221 2937 333 3013 ἔχω
375 2935 526 2993 εἶπαι
552 2934 618 2993 τὸ
644 2933 883 3010 ἀτρεκές·
927 2932 991 2991 ού
1016 2931 1127 3013 γὰρ
1154 2932 1377 3012 λέγεται
1402 2958 1543 3008 προς
1569 2930 1824 3004 οὐδαμῶν

220 3016 548 3100 ανθρώπων·
604 3020 927 3098 σύμπαντος
967 3020 1027 3079 δὲ
1072 3021 1172 3077 τοῦ
1219 3022 1465 3096 στρατοῦ
1510 3021 1609 3075 τοῦ
1656 3017 1825 3084 πεζοῦ

221 3136 290 3172 το
329 3111 551 3187 πλῆθος
583 3109 764 3187 ἐφάνη
791 3108 1179 3185 εβδομήκοντα
1203 3107 1297 3165 καὶ
1323 3103 1520 3165 ἐκατόν
1544 3099 1820 3178 μυριάδες.

222 3198 610 3278 ἐξηρίθμησαν
644 3198 707 3259 δὲ
744 3196 903 3259 τόνδε
926 3221 1026 3256 τον
1053 3193 1279 3272 τρόπον·
1320 3186 1727 3269 συναγαγόντες
1768 3190 1823 3251 ἐς
