2100 3409
313 58 375 105 14
913 56 1282 108 ἯΡοΔοῑπον
1638 53 1647 64 ·
1822 57 1929 125 [V.

306 126 632 218 στρατηγόν
676 134 739 196 δὲ
780 138 1018 197 τουτέων
1064 135 1298 208 ἀπέδεξε
1344 136 1697 219 Μεγαβάτην
1744 137 1932 217 ἄνδρα

310 217 544 301 Πέρσην
577 228 687 285 τῶν
720 222 1166 303 Ἀχαιμενιδέων,
1204 227 1407 285 ἑωυτοῦ
1441 251 1505 285 τε
1542 225 1636 285 καὶ
1673 229 1930 303 Δαρείου

307 312 555 391 α’νεψιόν·
595 316 695 371 τοῦ
735 312 1066 389 Παυσανίης
1107 312 1139 373 ὅ
1180 311 1602 390 Κλεομβρότεω
1643 314 1928 373 Λακεδαι-

305 399 514 477 μόνιος,
545 404 592 459 εἰ
623 399 692 475 δὴ
721 398 937 475 ἀληθής
959 425 1027 482 γε
1056 401 1181 460 ἐστὶ
1212 399 1245 461 ὅ
1271 399 1462 480 λόγος,
1491 400 1707 481 ὖστέρῳ
1730 402 1928 483 χρόνῳ

304 488 515 547 τούτων
527 486 826 563 ἡρμόσατο
843 488 1138 568 θυγατέρα,
1156 488 1330 566 ἔρωτα
1344 488 1505 567 σχών
1518 494 1619 565 τῆς
1635 489 1928 555 Ἑλλάδος

305 575 571 651 τύραννος
599 575 883 656 γενέσθαι.
950 574 1226 645 ἀποδέξας
1257 574 1317 635 δὲ
1354 575 1710 658 Μεγαβάτην
1744 604 1925 654 στρα-

303 663 478 742 τηγόν
522 661 922 740 Ἀρταφέρνης,
963 661 1270 723 ἀπέστειλε
1312 662 1414 723 τᾶν
1466 663 1711 741 στρατόν
1758 670 1922 742 παροί

301 751 402 809 τόν
427 750 857 830 Ἀρισταγόρεα.
1409 825 1416 830 1

208 839 284 894 33
387 838 758 916 Παραλαβών
778 837 839 897 δὲ
864 836 896 897 ὁ
927 838 1282 919 Μεγαβάτης
1308 843 1368 897 ἐκ
1392 842 1496 915 τῆς
1522 838 1788 914 Μιλήτου
1813 839 1924 901 τόν

301 951 363 984 τε
402 924 811 1007 Ἀρισταγόρεα
859 926 951 984 καὶ
992 925 1100 1001 τήν
1137 925 1294 986 Ἰάδα
1336 925 1609 1003 στρατιήν
1648 926 1742 985 καὶ
1779 926 1921 991 τοῦς

302 1014 579 1085 Ναξίους,
608 1014 772 1076 ἔπλεε
810 1012 1107 1091 πρόφασιν
1148 1012 1232 1072 ἐπ’
1265 1013 1718 1089 Ἑλλησπόντου.
1789 1018 1923 1075 ἐπεί

264 1137 269 1144 ·
300 1127 363 1160 τε
394 1101 453 1160 δὲ
485 1101 702 1182 ἐγένετο
729 1106 788 1161 ἐν
819 1101 955 1180 Χίῳ,
985 1102 1120 1181 ἔσχε
1147 1101 1247 1165 τοὶς
1272 1102 1398 1165 νέας
1425 1107 1481 1165 ἐς
1512 1101 1810 1173 Καύκασα,
1843 1103 1917 1166 ὦς

302 1190 553 1250 ἐνθεῦτεν
587 1190 768 1268 βορέῃ
800 1187 982 1268 α’,νέμῳ
1016 1194 1073 1253 ἐς
1112 1188 1218 1265 τήν
1252 1189 1447 1258 Νάξον
1484 1188 1771 1265 διαβάλοι·
1817 1192 1916 1250 καὶ

300 1276 366 1336 οὗ
407 1277 518 1358 γοῖρ
560 1278 675 1336 ἔδεε
715 1277 892 1356 τούτῳ
931 1281 1009 1356 τῷ
1049 1277 1242 1357 στόλῳ
1282 1279 1529 1347 Ναξίους
1567 1276 1910 1351 ἀπολέσθαι,

299 1369 536 1445 πρῆγμα
587 1364 801 1426 τοιόνδε
855 1365 1194 1444 συνηνείχθη
1245 1366 1530 1447 γενέσθαι·
1598 1366 1913 1444 περιῖόντος

300 1451 657 1532 Μεγαβάτεω
700 1452 802 1515 τὰς
847 1453 941 1511 ἐπὶ
985 1456 1098 1513 τῶν
1142 1458 1279 1514 νεῶν
1328 1453 1602 1529 φυλακοὶς,
1645 1454 1738 1513 ἐπὶ
1782 1455 1911 1522 νεὸς

298 1540 550 1615 Μυνδίης
596 1540 755 1618 ἔτυχε
803 1535 981 1603 οὐδεὶς
1027 1541 1366 1617 φυλάσσων·
1422 1541 1453 1601 ὁ
1509 1542 1569 1602 δὲ
1619 1543 1800 1604 δεινόν
1850 1571 1908 1605 τι

297 1627 694 1705 ποιησάμενος,
732 1627 994 1687 ἐκέλευσε
1029 1628 1161 1691 τοῦς
1201 1629 1546 1706 δορυφόρους
1586 1630 1910 1706 ἐξευρόντας

298 1716 396 1776 τὸν
422 1715 670 1796 ἄρχοντα
693 1714 898 1791 ταύτης
922 1719 1025 1791 τῆς
1052 1716 1188 1790 νεός,
1217 1722 1295 1797 τῷ
1323 1716 1533 1793 οὔνομα
1558 1717 1627 1793 ἦν
1655 1718 1908 1791 Σκύλαξ,

297 1804 496 1865 τοῦτον
522 1805 705 1880 δῆσαι·
720 1803 811 1863 διὰ
838 1804 1121 1881 θαλαμίης
1152 1804 1437 1868 διελόντας
1467 1810 1568 1880 τῆς
1593 1806 1730 1877 νεὸς,
1761 1808 1905 1869 κατὰ

295 1895 480 1962 τοῦτο,
509 1893 609 1964 ἔξω
634 1895 739 1970 μὲν
765 1891 1023 1968 κεφαλὴν
1047 1897 1340 1956 ποιεῦντας
1371 1894 1482 1952 ἔσω
1520 1894 1579 1953 δὲ
1610 1893 1677 1954 τὰ
1714 1900 1903 1971 σῶμα·

298 1980 550 2043 δεθέντος
576 1981 635 2040 δὲ
659 1984 762 2040 τοῦ
790 1979 1099 2050 Σκύλακος,
1128 1980 1461 2063 ἐξαγγέλλει
1486 2007 1571 2044 τις
1598 1984 1675 2060 τῷ
1710 1982 1906 2061 Ἀρισ-

293 2067 510 2148 ταγόρῃ
542 2066 629 2127 ὅτι
667 2066 770 2127 τόν
805 2067 983 2137 ξεῖνόν
1025 2071 1079 2127 οἱ
1117 2068 1218 2129 τᾶν
1258 2068 1511 2130 Μύνδιον
1550 2070 1906 2150 Μεγαβάτης

296 2153 476 2231 δήσας
494 2154 840 2231 λυμαίνοιτο·
869 2153 901 2213 ὅ
924 2152 969 2212 δ’
986 2155 1166 2217 ἐλθών
1181 2157 1511 2235 παραιτέετο
1528 2156 1627 2218 τόν
1647 2159 1900 2236 Πέρσην,

294 2241 587 2324 τυγχάνων
614 2241 674 2300 δὲ
705 2239 928 2304 οὖδενός
957 2246 1070 2303 τῶν
1096 2243 1278 2305 ἐδέετο
1306 2243 1473 2309 αὗτός
1505 2245 1684 2306 ἐλθών
1712 2247 1901 2308 ἔλυσε·

294 2328 608 2407 πυθόμενος
634 2329 694 2388 δὲ
721 2328 896 2406 κάρτα
922 2329 1102 2392 δεινὸν
1134 2331 1444 2409 ἐποιήσατο
1471 2333 1504 2395 ὅ
1530 2334 1899 2414 Μεγαβάτης,

296 2419 389 2480 καὶ
422 2418 732 2496 ἐσπέρχετο
765 2420 844 2496 τῷ
865 2416 1271 2500 Ἀρισταγόρῃ·
1313 2419 1346 2480 ὁ
1380 2420 1440 2480 δὲ
1478 2421 1617 2496 εἶπε·
1660 2432 1697 2459 “
1713 2423 1812 2483 σοὶ
1843 2424 1903 2483 δὲ

298 2506 390 2565 καὶ
427 2504 683 2566 τούτοισι
720 2508 876 2565 τοῖσι
914 2506 1215 2588 πρήγμασι
1253 2509 1315 2568 τί
1350 2513 1508 2579 ἐστι;
1553 2508 1619 2569 οὔ
1660 2512 1733 2570 σὲ
1772 2510 1903 2573 α’πέ-

295 2597 488 2654 στειλε
525 2592 912 2672 Ἀρταφέρνης
947 2595 1079 2671 ἐμέο
1116 2597 1431 2667 πείθεσθαι,
1466 2597 1559 2656 καὶ
1594 2598 1791 2659 πλέειν
1828 2609 1899 2679 τῇ

218 2719 225 2722 *
294 2679 363 2741 ἂν
395 2682 504 2763 ἐγῶ
545 2681 787 2751 κελεύω;
827 2683 891 2742 τί
924 2683 1122 2743 πολλὰ
1160 2684 1441 2761 πρήσσεις
1458 2710 1475 2754 ;
1490 2684 1523 2705 ”
1561 2689 1742 2745 ταῦτα
1785 2688 1904 2748 εἶπε

293 2768 721 2851 Ἀρισταγόρης·
763 2770 798 2832 ὅ
835 2770 897 2830 δὲ
929 2772 1203 2850 θυμωθεὶς
1240 2772 1515 2845 τούτοισι,
1548 2772 1620 2837 ὥς
1650 2773 1756 2846 νῦξ
1789 2777 1900 2857 ἐγέ-

294 2883 438 2927 νετο,
486 2858 699 2936 ἔπεμπε
743 2864 801 2924 ἐς
852 2858 1048 2930 Νάξον
1092 2861 1275 2940 πλοίῳ
1321 2859 1523 2940 ἄνδρας
1576 2862 1905 2940 φράσοντας

293 2949 448 3005 τοῖσι
482 2946 754 3015 Ναξίοισι
786 2947 970 3009 πάντα
1003 2948 1078 3010 τὰ
1112 2948 1394 3025 παρεόντα
1426 2957 1541 3027 σφι
1575 2952 1902 3033 πρήγματα·

202 3035 275 3092 34
298 3036 372 3093 Οἱ
404 3032 515 3115 γὰρ
549 3033 624 3094 ὧν
663 3035 867 3106 Νάξιοι
904 3035 1067 3098 οὐδὲν
1102 3037 1321 3101 πάντως
1359 3039 1773 3115 προσεδέκοντο
1815 3041 1905 3101 ἐπὶ

294 3124 482 3199 σφέας
510 3121 613 3184 τᾶν
637 3123 853 3185 στόλον
879 3129 1080 3186 τοῦτον
1105 3124 1484 3204 ὁρμήσεσθαι·
1529 3128 1651 3188 ἐπεὶ
1684 3131 1791 3208 μέν
1817 3157 1906 3192 τοι

296 3210 585 3282 ἐπύθοντο,
613 3211 813 3275 αὖτίκα
849 3216 951 3297 μὶν
985 3215 1336 3275 ἐσενείκαντο
1371 3215 1445 3275 τοὶ
1478 3220 1539 3276 ἐκ
1575 3221 1689 3278 τῶν
1721 3218 1907 3301 ἀγρῶν

7 3331 169 3381 ..μ
