2100 3409
33 3321 111 3361 h„

314 49 378 96 34
923 44 1293 95 ἮΡοΔοῑυοτ
1822 42 1913 108 [ν.

311 124 574 189 λεύοντος
596 124 922 201 Ἀθηναίων,
943 123 1124 202 ὀρθῶς
1149 121 1219 184 ἂν
1246 120 1550 202 καλέοιτο·)
1576 121 1833 200 δεύτερον
1860 123 1915 186 δὲ

315 214 409 271 καὶ
434 213 638 290 τρίτον,
667 211 762 272 ὅτε
790 213 882 272 ἐπὶ
908 211 1424 290 Πεισιστρατιδέων
1452 210 1717 279 ἐξέλασιν
1744 209 1918 288 ὅρμψ

312 301 497 364 θέντες
529 305 589 360 ἐκ
618 299 880 377 Σπάρτης
915 299 1204 359 ἀπίκοντο·
1242 299 1508 376 τέταρτον
1548 296 1607 356 δὲ
1638 296 1786 368 τότε,
1824 297 1916 359 ὅτε

309 392 366 451 ἐς
389 387 691 447 Ἐλευσῖνα
716 388 1044 464 Κλεομένης
1084 385 1237 467 ἄγων
1263 385 1763 459 Πελοποννησίους
1797 387 1914 446 ἐσέ-

305 477 480 552 βαλε.
562 473 704 535 οὕτω
748 476 1013 553 τέταρτον
1064 473 1193 535 τότε
1235 474 1472 552 Δωριέες
1520 472 1812 548 ἐσέβαλον
1862 480 1914 537 ἐς

307 561 568 638 Ἀθήνας.

211 648 289 711 77
395 650 772 713 Διαλυθέντος
814 649 890 709 ὦν
929 652 1032 709 τοῦ
1076 647 1292 709 στόλου
1325 646 1528 709 τούτου
1567 646 1798 718 ἀκλεῶς,
1834 654 1891 708 ἐν

308 738 487 798 θαῦτα
510 737 800 814 Ἀθηναῖοι
823 737 1119 797 τίννυσθαι
1143 735 1505 813 βουλόμενοι,
1528 740 1723 813 πρῶτα
1741 761 1913 813 στρα-

304 825 467 901 τηΐην
500 829 787 886 ποιεῦνται
830 826 923 885 ἐπὶ
966 823 1305 886 Χαλκιδέας·
1358 823 1594 883 Βοιωτοὶ
1645 822 1706 882 δὲ
1757 827 1913 883 τοῖσι

306 913 656 973 Χαλκιδεῦσι
680 913 993 989 βοηθέουσι
1021 912 1113 970 ἐπὶ
1137 908 1240 970 τᾶν
1262 909 1530 987 Εὔριπον·
1555 908 1913 987 Ἀθηναίοισι

305 998 367 1058 δὲ
399 1000 583 1060 ἰδοῦσι
613 1000 744 1063 τούς
778 997 1030 1076 βοηθοῦς
1067 998 1219 1067 ἔδοξε
1249 996 1524 1075 πρότερον
1553 1001 1711 1058 τοῖσι
1737 1004 1909 1058 Βοιω-

303 1090 460 1146 τοῖσι
484 1085 521 1163 ἢ
546 1091 701 1147 τοῖσι
727 1086 1077 1147 Χαλκιδεῦσι
1103 1084 1447 1163 ἐπιχειρέειν·
1494 1085 1913 1162 συμβάλλουσὲ

309 1199 375 1233 τε
408 1174 478 1250 δὴ
514 1178 669 1235 τοῖσι
693 1177 993 1234 Βοιωτοῖσι
1033 1176 1089 1234 οἳ
1118 1172 1420 1249 Ἀθηναῖοι,
1450 1174 1543 1232 καὶ
1581 1176 1786 1251 πολλῷ
1826 1179 1908 1234 ἐκ-

301 1262 577 1339 ράτησαν·
621 1263 797 1340 κάρτα
839 1262 900 1321 δὲ
940 1259 1198 1324 πολλοῦς
1235 1261 1629 1336 φονεύσαντες,
1673 1264 1907 1321 ἑπτακο-

303 1351 463 1412 σίους
489 1348 671 1409 αὐτῶν
711 1348 1052 1430 ἐζώγρησαν.
1133 1352 1235 1424 τῆς
1261 1347 1322 1408 δὲ
1348 1347 1520 1423 αὖτῆς
1543 1346 1748 1424 ταύτης
1775 1348 1907 1426 ἦμέ-

299 1461 403 1512 ρης
445 1439 499 1494 οἱ
539 1435 827 1511 Ἀθηναῖοι
860 1434 1159 1512 διαβάντες
1202 1440 1259 1500 ἐς
1295 1434 1402 1511 τήν
1444 1434 1720 1511 Εὔβοιαν,
1762 1462 1904 1514 συμ-

299 1511 598 1599 βάλλουσι
639 1522 731 1582 καὶ
766 1527 920 1584 τοῖσι
944 1523 1316 1584 Χαλκιδεῦσι·
1357 1522 1683 1599 νικήσαντες
1715 1524 1777 1583 δὲ
1816 1525 1907 1584 καὶ

299 1608 546 1681 τούτους,
572 1612 1056 1689 τετρακισχιλίους
1084 1609 1430 1689 κληρούχους
1456 1611 1548 1671 ἐπὶ
1586 1615 1699 1671 τῶν
1741 1614 1905 1672 ἱππο-

304 1699 522 1774 βοτέων
552 1703 626 1778 τῇ
662 1697 819 1778 χώρῃ
855 1701 1137 1759 λείπουσι·
1182 1701 1236 1758 οἱ
1266 1698 1326 1758 δὲ
1363 1698 1675 1775 ἱπποβόται
1713 1702 1906 1759 ἐκαλέ-

303 1810 433 1846 οντο
467 1789 520 1847 οἱ
544 1787 750 1867 παχέες
772 1791 885 1847 τῶν
910 1786 1255 1849 Χαλκιδέων·
1296 1784 1466 1849 ὅσους
1492 1786 1551 1846 δὲ
1577 1786 1670 1846 καὶ
1695 1785 1905 1848 τούτων

222 1929 226 1933 .
302 1873 642 1955 ἐζώγρησαν,
670 1873 789 1952 ἅμα
811 1879 967 1935 τοῖσι
992 1878 1251 1935 Βοιωτῶν
1277 1874 1709 1955 ἐζωγρημένοισι
1749 1874 1905 1955 εἶχον

302 1966 363 2021 ἐν
406 1966 655 2040 φυλακῇ,
696 1967 755 2021 ἐν
796 1962 987 2025 πέδαις
1031 1961 1321 2037 δήσαντες·
1362 1960 1545 2042 χρόνῳ
1586 1963 1647 2022 δὲ
1691 1963 1901 2023 ἔλυσάν

296 2055 482 2123 σφεας
509 2049 737 2125 διμνέως
755 2048 1265 2125 ἀποτιμησάμενοι·
1291 2049 1393 2112 τὰς
1418 2049 1479 2108 δὲ
1503 2049 1674 2113 πέδας
1701 2049 1900 2121 αὐτῶν,

301 2140 360 2195 ἐν
394 2139 532 2213 τῇσι
580 2133 850 2205 ἐδεδέατο,
894 2134 1284 2214 ἀνεκρέμασαν
1327 2140 1382 2200 ἐς
1420 2136 1525 2213 τὴν
1568 2136 1900 2215 ἀκρόπολιν·

295 2222 460 2298 αἵπερ
504 2222 585 2281 ἔτι
628 2222 722 2280 καὶ
758 2227 814 2285 ἐς
855 2225 952 2300 ἐμὲ
991 2222 1142 2298 ἦσαν
1181 2228 1521 2300 περιεοῦσαι,
1559 2224 1902 2302 κρεμάμεναι

293 2314 356 2368 ἐκ
394 2309 621 2387 τειχέων
647 2310 1222 2388 περιπεφλευσμένων
1248 2311 1382 2389 πυρὶ
1407 2311 1518 2372 find
1543 2314 1647 2372 τοῦ
1673 2313 1899 2388 Μήδου·

292 2396 482 2457 ἀντίον
513 2397 574 2456 δὲ
602 2402 704 2458 τοῦ
738 2397 988 2479 μεγάρου
1018 2402 1120 2458 τοῦ
1158 2398 1298 2476 πρός
1323 2400 1567 2476 ἕσπέρην
1591 2402 1899 2478 τετραμμέ-

295 2510 395 2545 νου
432 2485 525 2543 καὶ
549 2489 659 2545 τῶν
685 2485 903 2563 λύτρων
926 2485 1033 2561 τήν
1064 2486 1297 2562 δεκάτην
1338 2485 1629 2563 ἀνέθηκαν,
1656 2488 1896 2564 ποιησά-

286 2598 446 2650 μενοι
485 2573 793 2651 τέθριππον
833 2573 1102 2652 χάλκεον·
1155 2599 1221 2634 το
1265 2574 1325 2634 δε
1378 2573 1679 2652 ἀριστερῆς
1729 2575 1898 2654 χερός

295 2661 495 2736 ἔστηκε
538 2686 761 2738 πρωτον
804 2660 1015 2722 ἐσιόντι
1057 2666 1113 2724 ἐς
1151 2687 1224 2722 τα.
1261 2659 1587 2740 προπύλαια
1621 2688 1696 2722 τα
1730 2668 1791 2723 ἐν
1824 2665 1895 2740 τῇ

291 2746 587 2825 ἀκροπόλι,
630 2749 1034 2830 ἐπιγέγραπται
1076 2748 1140 2809 δέ
1179 2752 1234 2809 οἱ
1271 2748 1425 2809 τάδε·

436 2878 618 2927 Ἔθνεα
648 2881 872 2928 Βοιωτῶν
906 2881 986 2928 καὶ
1020 2880 1301 2929 Χαλκιδέων
1334 2880 1635 2939 δαμάσαντες

513 2953 681 3000 παῖδες
702 2951 967 3010 Ἀθηναίων
999 2954 1236 3014 ἔργμασιν
1267 2954 1316 3000 ἐν
1350 2953 1578 3011 πολέμου,

444 3025 610 3084 δεσμῷ
631 3025 682 3072 ἐν
717 3024 973 3083 ἀχλυόεντι
1007 3026 1211 3086 σιδηρέῳ
1245 3024 1456 3087 ἔσβεσαν
1489 3023 1642 3086 ὕβριν·

513 3098 610 3143 τῶν
644 3096 818 3143 ἵππους
851 3097 1055 3155 δεκάτην
1086 3098 1314 3144 Παλλάδι
1347 3095 1485 3145 τάσδ’
1517 3098 1706 3144 ἔθεσαν·

187 3200 265 3262 78
279 3201 567 3281 Ἀθηναῖοι
610 3205 716 3282 μέν
762 3229 860 3265 νυν
897 3203 1156 3281 ηὔξηντο.
1213 3205 1407 3280 ,δηλοῖ
1446 3203 1507 3263 δὲ
1555 3204 1624 3265 οὗ
1667 3209 1794 3273 κατ’
1836 3210 1890 3270 ἓν
