2100 3409
159 58 390 121 65—69]
776 59 1154 109 KAAAmnn.
1678 60 1776 108 813

160 138 354 198 οὐκέτι
380 135 481 196 τόν
507 134 674 195 αὐτόν
700 136 917 215 κόσμον
938 140 1254 219 κατηγέετο,
1278 136 1431 196 οἷλλοὶ
1451 137 1554 212 τήν
1573 139 1771 217 ταχίσ-

159 252 271 302 την
311 224 574 302 ἐτρόχαζε
590 223 849 305 .φεύγων,
880 225 1007 286 οὔτε
1041 231 1097 288 ἐς
1126 226 1192 285 τό
1226 226 1448 294 ξύλινον
1476 225 1601 285 οὗτε
1629 232 1683 289 ἐς
1707 225 1774 286 τό

163 312 437 389 Θηβαίων
462 315 662 389 τεῖχος,
694 311 826 371 ἀλλ’
855 317 909 376 ἐς
936 315 1175 383 Φωκέας,
1204 313 1409 372 ἐθέλων
1437 313 1508 376 ὦς
1530 312 1777 393 τάχιστα

163 402 260 460 ἐπὶ
287 400 388 459 τόν
415 399 851 475 Ἑλλήσποντον
887 400 1209 464 ἀπικέσθαι·
1252 402 1347 460 καὶ
1383 400 1449 460 δῖ
1483 399 1636 462 οὗτοι
1670 406 1776 479 μὲν

160 488 342 565 ταύτῃ
399 487 724 564 ἐτράποντο.
807 493 930 549 Τῶν
982 488 1042 547 δὲ
1095 487 1286 549 ἄλλων
1330 489 1621 565 Ἐλλήνων
1665 496 1774 551 τῶν
1791 492 1868 552 67

159 575 309 654 μετοῖ
335 576 617 650 βασιλέος
653 575 1141 646 ἐθελοκακεόντων,
1170 577 1406 637 Βοιωτοὶ
1424 578 1773 654 Ἀθηναίοισι

162 663 525 741 ἐμαχέσαντο
560 662 766 742 χρόνον
807 664 898 723 ἐπὶ
939 664 1168 743 συχνόν·
1218 668 1272 724 οἱ
1308 664 1420 746 γοὶρ
1455 668 1786 743 μηδίζοντες,

160 754 279 811 τῶν
332 751 616 826 Θηβαίων,
666 748 821 811 οὗτοι
862 751 1014 830 εἶχον
1055 753 1371 829 προθυμίην
1413 752 1512 812 οὐκ
1554 754 1769 835 ὀλίγην,

159 839 516 917 μαχεόμενοί
548 864 611 898 τε
651 839 744 897 καὶ
785 838 885 899 οὐκ
927 840 1380 904 ἐθελοκακέοντες
1433 842 1573 902 οὕτω
1628 842 1773 904 ὥστε

160 926 484 1003 τριηκόσιοι
537 925 718 986 αὐτῶν
765 931 820 986 οἱ
862 932 1073 1004 πρῶτοι
1128 928 1221 986 καὶ
1266 928 1488 1007 ἄριστοι
1535 932 1771 991 ἐνθαῦτα

164 1015 376 1075 ἔπεσον
406 1014 519 1074 ὖπό
555 1014 882 1091 Ἀθηναίων·
930 1015 1000 1079 ὥς
1032 1016 1092 1074 δὲ
1124 1016 1429 1093 ἐτράποντο
1465 1021 1557 1078 καὶ
1598 1017 1769 1090 οὗτοι,

162 1103 409 1182 ἔφευγον
446 1107 501 1165 ἐς
533 1102 633 1166 τὰς
659 1102 858 1179 Θήβας
885 1103 983 1162 οὐκ
1008 1100 1154 1180 ᾗπερ
1182 1108 1236 1162 οἱ
1261 1106 1503 1181 Πέρσαι·
1547 1107 1637 1165 καὶ
1662 1111 1771 1167 τῶν

159 1189 363 1250 ἄλλων
389 1190 701 1268 συμμάχων
728 1190 760 1250 ὁ
789 1195 897 1254 πᾶς
924 1190 1122 1267 ὅμιλος
1142 1190 1269 1250 οὔτε
1289 1192 1771 1270 διαμαχεσάμενος

158 1277 352 1336 οὐδενὶ
396 1277 521 1337 οὔτε
566 1303 621 1337 τι
668 1277 1076 1354 ἀποδεξάμενος
1132 1278 1386 1359 ἔφευγον.
1472 1285 1659 1355 Δηλοῖ
1706 1307 1769 1340 τε
1788 1284 1866 1342 68

158 1365 294 1442 ἐμοὶ
321 1364 410 1424 ὅτι
433 1366 617 1425 πάντα
641 1365 712 1425 τὰ
739 1365 1045 1447 πρήγματα
1069 1369 1180 1425 τῶν
1199 1366 1512 1444 βαρβάρων
1531 1367 1770 1444 ἤρτηντο

157 1459 224 1512 ἐκ
266 1455 552 1530 Περσέων,
593 1457 641 1513 εἰ
674 1455 765 1512 καὶ
801 1455 929 1513 τότε
966 1452 1122 1513 οὗτοι
1155 1455 1287 1532 πρὶν
1313 1453 1350 1530 ἢ
1379 1456 1468 1514 καὶ
1496 1458 1769 1534 συμμίξαι

153 1544 320 1600 τοῖσι
345 1542 672 1618 πολεμίοισι
692 1543 943 1622 ἔφευγον,
968 1541 1056 1601 ὅτι
1084 1543 1175 1600 καὶ
1194 1542 1322 1604 τούς
1351 1545 1580 1620 Πέρσας
1600 1544 1768 1621 ὥρων.

155 1627 310 1687 οὕτω
355 1655 418 1687 τε
459 1628 661 1692 πάντες
698 1632 949 1710 ἔφευγον,
995 1629 1150 1704 πλὴν
1193 1634 1291 1704 τῆς
1346 1631 1517 1690 ἵππου
1563 1637 1663 1706 τῆς
1707 1656 1770 1693 τε

155 1715 352 1792 ἄλλης
394 1718 485 1776 καὶ
518 1722 618 1793 τῆς
654 1719 938 1792 Βοιωτίης·
992 1716 1132 1792 αὕτη
1167 1717 1227 1775 δὲ
1258 1722 1509 1776 τοσαῦτα
1549 1745 1768 1794 προσω-

156 1805 342 1880 φέλεε
383 1804 512 1868 τούς
554 1805 878 1886 φεύγοντας,
917 1805 1029 1863 αἰεί
1064 1829 1127 1863 τε
1167 1803 1309 1877 πρός
1340 1807 1450 1863 τῶν
1484 1807 1767 1881 πολεμίων

154 1891 416 1972 ἄγχιστα
449 1896 624 1952 ἐοῦσα
658 1891 1007 1973 ἀπείργουσά
1036 1918 1100 1951 τε
1129 1892 1258 1953 τούς
1285 1893 1509 1967 φιλίους
1535 1892 1768 1974 φεύγον-

153 2006 263 2042 τας
290 1978 404 2039 <ilerd
430 1983 542 2039 τῶν
566 1980 872 2055 Ἑλλήνων.
925 1983 1000 2038 Οἱ
1024 1982 1128 2056 μὲν
1156 1978 1224 2053 δή
1252 1984 1501 2043 νικῶντες
1529 1981 1765 2051 εἵποντο,
1785 1982 1861 2042 69

151 2093 295 2130 τους
348 2066 565 2143 Ξέρξεω
608 2067 891 2131 διωκοντές
937 2094 1000 2127 τε
1056 2068 1146 2126 καὶ
1195 2066 1539 2143 φονεύοντες·
1604 2072 1661 2128 ἐν
1708 2067 1769 2126 δὲ

154 2181 344 2233 τουτῳ
373 2159 449 2233 τῷ
481 2155 750 2235 γινομένω
788 2154 956 2232 φόβῳ
984 2154 1330 2235 ἀγγέλλεται
1357 2157 1509 2213 τοῖσι
1535 2154 1770 2215 ἄλλοισι

150 2216 415 2317 Ἕλλησι
460 2247 614 2301 τοῖσι
656 2242 1049 2324 τεταγμένοισι
1104 2242 1233 2319 περὶ
1278 2241 1345 2333 τό
1387 2241 1621 2320 Ἡραῖον
1677 2244 1771 2302 καὶ

157 2329 633 2410 ἀπογενομένοισι
663 2333 764 2404 τῆς
798 2329 1000 2407 μάχης,
1030 2330 1117 2390 ὅτι
1151 2328 1308 2409 μάχη
1340 2357 1403 2390 τε
1437 2333 1633 2412 γέγονε
1676 2332 1770 2391 καὶ

159 2422 355 2496 νικῷεν
384 2419 436 2475 οἱ
462 2442 604 2492 μετα
640 2418 993 2477 Παυσανίεω·
1035 2421 1092 2476 οἱ
1116 2418 1176 2477 δὲ
1206 2444 1544 2481 ακουσαντες
1573 2423 1763 2491 ταῦτα,

159 2504 363 2564 οὐδένα
403 2503 620 2580 κόσμον
659 2505 971 2583 ταχθέντες,
1014 2508 1068 2564 οἱ
1106 2507 1210 2582 μὲν
1248 2505 1400 2579 ἀμφὶ
1442 2504 1770 2579 Κορινθίους

159 2591 474 2671 ἐτράποντο
517 2591 608 2651 διὰ
639 2596 740 2670 τῆς
781 2592 1028 2670 ὑπωρέης
1073 2592 1165 2650 καὶ
1217 2594 1327 2650 τῶν
1370 2594 1623 2649 κολωνῶν
1661 2589 1768 2666 τήν

161 2681 458 2757 φέρουσαν
493 2687 621 2754 ἅνω,
669 2680 757 2741 ἶθῦ
796 2684 896 2739 τοῦ
939 2683 1059 2756 ἱροῦ
1099 2683 1199 2754 τῆς
1241 2676 1559 2754 Δήμητρος·
1615 2682 1668 2738 οἱ
1708 2680 1768 2738 δὲ

160 2768 317 2846 ἀμφὶ
344 2770 641 2849 Μεγαρέας
665 2793 726 2827 τε
754 2767 846 2826 καὶ
872 2768 1180 2829 Φλιασίους
1206 2765 1298 2824 διὰ
1322 2768 1423 2825 τοῦ
1450 2767 1641 2826 πεδίου
1665 2767 1769 2842 τὴν

161 2855 461 2931 λειοτάτην
484 2860 594 2916 τῶν
620 2856 780 2915 ὁδῶν·
822 2856 947 2914 ἐπεί
966 2881 1029 2914 τε
1058 2855 1117 2915 δὲ
1144 2854 1325 2935 ἀγχοῦ
1349 2859 1459 2914 τῶν
1485 2856 1767 2930 πολεμίων

162 2944 416 3024 ἐγίνοντο
437 2947 491 3003 οἱ
517 2943 804 3024 Μεγαρέες
832 2943 924 3002 καὶ
950 2943 1236 3016 Φλιάσιοι,
1266 2941 1555 3004 ἀπιδόντες
1582 2942 1767 3015 σφέας

162 3036 216 3091 οἱ
241 3036 354 3092 τῶν
373 3032 639 3108 Θηβαίων
660 3029 892 3092 ἱππόται
912 3031 1300 3111 ἐπειγομένους
1320 3028 1516 3090 οὐδένα
1535 3027 1766 3103 κόσμον,

160 3119 412 3196 ἤλαυνον
465 3118 547 3178 ἐπ’
603 3118 800 3182 αὗτοῦς
851 3117 981 3181 τούς
1046 3118 1267 3180 ἵππους·
1329 3121 1438 3176 τῶν
1494 3112 1766 3191 ἱππάρχεε

158 3205 570 3283 ’,Ασωπόδωρος
597 3205 628 3266 ὅ
655 3204 987 3282 Τιμάνδρου·
1032 3203 1370 3265 ἐσπεσόντες
1406 3203 1466 3262 δὲ
1503 3201 1767 3260 κατεστό-
