2100 3409
115 62 334 127 ιιι-16]
756 59 1129 118 nonnum.
1659 71 1751 122 129

119 140 219 215 τήν
244 140 399 219 ἐμὴν
436 138 655 217 σκευὴν
685 146 896 212 πᾶσαν,
926 143 1019 201 καὶ
1053 143 1208 207 ἐνδῦς
1241 143 1386 221 μετοῖ
1413 149 1579 206 τοῦτο
1608 147 1749 219 ἵζοιο

123 227 177 291 ἔς
222 229 325 289 τὸν
371 229 520 306 ε’μόν
563 228 779 306 θρόνον,
824 230 915 289 καὶ
961 231 1152 290 ἔπειτα
1200 237 1258 292 ἐν
1308 233 1465 312 κοίτῃ
1517 237 1590 312 τῇ
1642 239 1751 314 ε’μῇ

127 316 602 380 κατυπνώσειας.”
674 318 886 394 Ξέρξης
909 319 1014 395 μὲν
1047 321 1227 379 ταῦτά
1255 325 1308 380 οἱ
1336 322 1512 401 ἔλεγε·
1552 321 1750 399 Ἀρτά-

128 405 298 479 βανος
324 406 390 466 δὲ
420 405 490 465 οὗ
516 409 595 483 τῷ
619 404 819 484 πρώτῳ
847 410 901 466 οἶ
930 406 1271 484 κελεύσματι
1299 407 1629 485 πειθόμενος
1657 410 1750 469 οἵα

132 492 225 552 οὐκ
277 493 611 571 ἀξιεύμενος
654 498 709 556 ἐς
750 494 848 554 τᾶν
894 494 1211 571 βασιλήϊον
1256 497 1456 572 θρόνον
1513 497 1750 569 ἵζεσθαι,

133 582 289 645 τέλος
315 582 390 646 ὥς
417 580 782 662 ἠναγκάζετο,
812 584 971 645 εἴπας
995 581 1129 642 τάδε
1158 585 1337 642 ἐποίεε
1362 584 1428 644 τό
1458 584 1749 662 κελευόμε-

138 692 241 726 νον·
326 680 363 705 “
382 670 517 730 ἴσον
550 672 743 739 ἐκεῖνο,
773 668 815 728 ὦ
849 671 1121 747 βασιλεῦ,
1159 671 1289 747 παρ’
1329 673 1452 748 ἐμοὶ
1490 673 1750 749 κέκριται,

142 761 395 830 φρονέειν
430 781 492 818 τε
530 756 590 816 εὖ
629 757 723 815 καὶ
756 761 835 836 τῷ
868 759 1095 838 λέγοντι
1130 758 1358 837 χρηστὰ
1395 760 1609 821 ἐθέλειν
1633 762 1750 820 πεί-

143 842 355 904 θεσθαι·
399 844 472 905 τᾶ
503 848 574 905 σὲ
602 844 693 904 καὶ
720 840 1019 923 σ’,ῥῖφότερα
1054 846 1406 922 περιήκοντα,
1446 846 1749 925 ἀνθρώπων

147 937 317 992 κακῶν
359 933 580 1009 ὁμιλίαι
626 932 987 1009 σφάλλουσι·
1040 935 1182 994 κατά
1224 961 1329 1012 περ
1372 961 1479 1012 την
1530 936 1750 997 πάντων

146 1021 567 1134 χρησιμωτατην
588 1020 935 1097 ἅνθρωποισι
955 1022 1260 1083 θάλασσαν
1284 1023 1574 1101 πνεύματά
1600 1031 1750 1099 φασι

150 1103 353 1183 ἀνέμων
393 1109 755 1186 ἐμπίπτοντα,
800 1108 865 1168 οὖ
905 1115 1175 1187 περιορᾶν
1217 1111 1391 1187 φύσει
1432 1115 1505 1189 τῇ
1549 1115 1751 1187 ἑωυτῆς

150 1198 404 1269 χρῆσθαι.
486 1199 586 1273 ἐμὲ
634 1197 693 1255 δὲ
735 1195 1057 1256 ἀκούσαντα
1103 1199 1244 1274 πρὸς
1291 1200 1395 1257 σεῦ
1451 1201 1629 1260 κακῶς
1684 1197 1750 1256 οὗ

154 1287 380 1344 τοσοῦτο
435 1285 593 1344 ἔδακε
647 1284 820 1361 λύπη,
875 1283 1032 1354 ὅσον,
1088 1286 1347 1367 γνωμέων
1393 1284 1492 1344 δύο
1532 1310 1748 1362 προκει-

154 1372 342 1443 μενέων
367 1373 833 1451 Πέρσῃσι,-τῆς
857 1375 960 1449 μὲν
985 1371 1154 1449 ὕβριν
1180 1373 1526 1449 αὐξανούσης
1549 1376 1652 1449 τῆς
1678 1373 1739 1432 δὲ

158 1460 581 1537 καταπαυούσης,
613 1461 704 1518 καὶ
730 1459 1014 1540 λεγούσης
1041 1459 1112 1522 ὥς
1150 1461 1320 1522 κακόν
1348 1462 1431 1538 εἴη
1459 1461 1742 1522 διδάσκειν

162 1545 255 1618 τὴν
280 1549 460 1627 ψυχὴν
484 1549 663 1608 πλέον
689 1573 745 1606 τι
773 1548 1033 1624 δίζησθαι
1071 1550 1178 1608 αἰεὶ
1213 1551 1359 1628 ἔχειν
1391 1552 1489 1609 τοῦ
1518 1549 1749 1627 παρεόν·

158 1637 620 1702 τος,-τοιουτέων
640 1636 1041 1713 προκειμενέων
1068 1638 1342 1717 γνωμέων,
1366 1637 1453 1696 ὅτι
1470 1637 1574 1712 τήν
1595 1643 1747 1711 σφα·
1806 1696 1825 1710 ,

162 1721 446 1800 λερωτέρην
481 1726 705 1801 σεωυτῷ
740 1747 802 1782 τε
830 1724 922 1781 καὶ
948 1723 1219 1802 Πέρσῃσι
1250 1724 1489 1800 α’ναίρεο·
1532 1726 1630 1782 νῦν
1657 1723 1747 1793 ὦν,

165 1811 332 1887 ἐπειδὴ
368 1811 642 1890 τέτραψαι
685 1811 777 1869 ἐπὶ
809 1812 913 1887 τῆν
955 1811 1177 1887 ἀμείνω,
1221 1810 1334 1889 φῄς
1373 1836 1462 1869 τοι
1501 1810 1744 1886 μετιέντι

164 1920 250 1955 τον
289 1900 366 1958 ἐπ’
403 1901 691 1976 ’Έλληνας
737 1899 951 1959 στόλον
998 1902 1300 1973 ἐπιφοιτᾶν
1345 1896 1558 1974 ὄνειρον
1615 1897 1746 1956 θεου

166 2006 294 2049 Τινος
327 1993 565 2096 πομπῇ,
570 2014 669 2046 ουκ
712 1987 885 2046 ἐῶντά
925 2012 996 2045 σε
1038 1984 1337 2046 καταλύειν
1375 2009 1475 2045 τον
1510 1984 1744 2044 στόλον·

268 2072 424 2135 ὀὐδὲ
458 2076 638 2136 ταυτοί
675 2080 816 2145 ε’στι,
846 2074 888 2133 ὦ
923 2077 1043 2142 παῖ,
1073 2073 1215 2133 θεῖα·
1266 2072 1492 2133 ἐνύπνια
1526 2072 1637 2153 γοῖρ
1674 2098 1747 2131 τα

173 2161 218 2220 ἔς
238 2159 553 2240 ἀνθρώπους
575 2163 978 2238 πεπλανημένα
1012 2161 1244 2221 τοιαῦτά
1270 2166 1396 2221 ε’στι
1423 2161 1513 2220 οἷά
1541 2186 1612 2220 σε
1639 2160 1749 2242 ε’·γω

173 2243 356 2321 διδάξω,
398 2255 548 2312 ἔτεσι
596 2255 701 2311 σεῦ
742 2254 1018 2310 πολλοῖσι
1059 2250 1446 2327 πρεσβύτερος
1487 2249 1607 2310 ἐών·
1649 2275 1743 2308 πε-

173 2338 466 2414 πλανῆσθαι
492 2338 658 2400 αὗται
683 2338 943 2416 μάλιστα
971 2338 1182 2397 ε’ὥθασι
1208 2340 1267 2397 αἱ
1293 2337 1448 2416 ὄψιες
1473 2342 1584 2398 τῶν
1610 2337 1747 2398 dm·

173 2421 338 2496 ρᾶτων,
372 2429 441 2487 τά
481 2454 567 2491 τις
605 2427 815 2504 ἡμέρης
853 2427 1155 2504 φροντίζει·
1204 2425 1365 2502 ἡμεῖς
1405 2426 1464 2484 δὲ
1503 2425 1603 2488 τοὶς
1638 2425 1749 2502 πρό

175 2514 255 2569 τοῦ
283 2512 483 2592 ἡμέρας
518 2514 726 2589 ταύτην
760 2514 865 2588 τήν
905 2514 1335 2590 στρατηλασίην
1363 2512 1454 2571 καὶ
1479 2513 1544 2572 τό
1575 2513 1750 2590 κάρτα

175 2598 364 2677 εἴχομεν
380 2603 524 2680 μετὰ
542 2606 754 2682 χεῖρας·
799 2602 927 2661 εἰδὲ
950 2601 1059 2678 ἄρα
1084 2601 1166 2677 μὴ
1196 2603 1317 2660 ἔστι
1343 2605 1510 2659 τοῦτο
1528 2605 1749 2660 τοιοῦτο

175 2684 270 2747 θῖον
291 2692 394 2771 ε’γῶ
418 2691 651 2768 διαιρέω,
683 2689 838 2749 ἄλλά
864 2715 919 2749 τι
946 2694 1044 2748 τοῦ
1086 2689 1217 2748 θεοῦ
1252 2690 1505 2767 μετέχον,
1535 2688 1609 2747 σι)
1635 2692 1748 2749 πᾶν

176 2772 311 2840 αὗτός
341 2779 656 2856 συλλαβών
694 2778 930 2854 εἴρηκας·
977 2776 1208 2853 φανήτω
1244 2777 1353 2856 γὰρ
1391 2777 1457 2851 δὴ
1497 2778 1589 2834 καὶ
1627 2776 1751 2851 ε’μοὶ

177 2886 231 2924 ως
252 2867 334 2925 καὶ
358 2870 454 2927 σοὶ
481 2866 956 2942 διακελευόμενον.
1000 2869 1246 2941 φανῆναι
1267 2864 1326 2922 δὲ
1347 2863 1503 2922 ουδὲν
1522 2861 1751 2938 μᾶλλόν

175 2972 253 3022 μοι
285 2952 504 3030 ὀφείλει
545 2957 730 3033 ἔχοντι
768 2954 872 3029 τὴν
914 2953 1027 3028 σήν
1069 2950 1358 3027 ἐσθῆτα
1324 2978 1361 3027 η
1402 2977 1465 3009 ου
1510 2948 1602 3005 καὶ
1646 2945 1750 3019 τήν

177 3038 307 3114 ε’μήν
351 3043 477 3103 σῦδέ
509 3069 568 3102 τι
601 3045 830 3117 μᾶλλον
866 3046 924 3100 ἐν
961 3041 1117 3118 κοίτῃ
1144 3044 1217 3118 τῇ
1245 3043 1327 3117 σῇ
1353 3032 1752 3107 ἅναπαυομένω

177 3121 206 3196 ἦ
227 3127 286 3191 οὗ
325 3133 412 3191 καὶ
456 3137 515 3192 εν
559 3134 633 3208 τῇ
682 3134 809 3208 ἐμῇ·
870 3129 1020 3203 ειπερ
1073 3152 1140 3207 γε
1196 3126 1287 3184 καὶ
1341 3123 1527 3180 ἄλλως
1568 3116 1752 3174 ἐθέλει

180 3216 409 3289 φανῆναι·
453 3219 517 3279 οὗ
556 3218 667 3296 γᾶρ
710 3217 778 3292 δή
821 3221 876 3277 ἐς
915 3213 1156 3272 τοσοῦτό
1188 3235 1255 3289 γε
1283 3205 1532 3279 εὐηθείης
1558 3199 1750 3274 ἀνήκει
