2100 3409
318 53 407 98 148
921 43 1287 95 ἯΡοΔοΤοτ
1764 40 1918 106 [vn.

318 131 414 190 ἕνα
447 132 630 209 χῶρον
662 124 901 205 μυριάδα
937 124 1256 201 ἀνθρώπων,
1289 124 1380 181 καὶ
1417 119 1755 193 συνείξαντες
1794 123 1919 182 ταύ-

315 245 418 294 την
454 218 525 280 ὥς
548 215 804 294 μάλιστα
837 215 1003 293 εἶχον,
1033 214 1415 293 περιέγραψαν
1459 212 1654 280 ἔξωθεν
1694 209 1915 270 κύκλον·

319 305 756 386 περιγράψαντες
794 303 868 373 δὲ,
903 303 995 361 καὶ
1035 301 1264 364 οἷπεντες
1305 302 1434 365 τούς
1477 301 1717 377 μυρίους,
1757 303 1915 377 αἱμα-

319 393 453 469 σιήν
487 393 830 469 περιέβαλον
868 391 1009 450 κατὰ
1044 389 1146 451 τᾶν
1189 390 1394 450 κύκλον
1433 390 1576 468 ὕψος
1603 388 1913 465 ἀνήκουσαν

317 482 474 558 ἀνδρὶ
502 486 556 543 ἐς
579 480 678 541 τᾶν
705 479 986 556 ὀμφαλὸν,
1013 478 1223 555 ταύτην
1250 479 1308 538 δὲ
1333 478 1685 554 ποιήσαντες,
1708 476 1912 539 ἄλλους

320 568 668 644 ἐσεβίβαζον
693 572 750 630 ἐς
772 566 839 627 τό
865 567 1447 646 περιοικοδομημένον·
1475 567 1671 644 μέχρις
1695 563 1761 624 οὗ
1780 564 1907 624 πάν-

320 681 420 718 τας
454 655 632 735 τούτῳ
658 659 736 734 τῷ
759 654 948 735 τρόπω
975 654 1373 732 ἐξηρίθμησαν·
1416 651 1822 731 ἀριθμήσαντες
1855 652 1908 710 δὲ

324 743 464 801 κατὰ
509 744 666 802 ἔθνεα
706 742 1024 803 διέτασσον.

227 832 299 889 61
409 833 482 889 Οἱ
522 830 584 889 δὲ
618 830 1048 908 στρατευόμενοι
1087 827 1204 889 οἵδε
1228 827 1398 904 ἦσαν·
1438 828 1665 905 Πέρσαι
1687 830 1788 905 μὲν
1811 824 1910 887 ὦδε

324 919 742 995 ἐσκευασμένοι·
783 918 911 996 περὶ
935 920 1040 995 μὲν
1064 921 1201 996 τῇσι
1228 921 1520 995 κεφαλῇσι
1548 915 1698 994 εἶχον
1727 914 1912 992 τιάρας

290 1006 704 1083 ,καλεομένους,
735 1006 935 1069 πίλους
960 1005 1229 1087 ἀπαγέας·
1269 1005 1397 1082 περὶ
1432 1004 1494 1063 δὲ
1526 1004 1594 1064 τὸ
1637 1008 1798 1080 σῶμα
1837 1030 1911 1063 κι-

322 1094 499 1157 θῶνας
522 1093 871 1173 χειριδωτοῦς
895 1094 1200 1162 ποικίλους,
1229 1093 1455 1156 λεπίδος
1491 1093 1751 1169 σιδηρέης
1786 1090 1913 1171 ὄψιν

321 1182 671 1259 ἰχθυοειδέος·
712 1182 841 1259 περὶ
881 1182 942 1240 δὲ
979 1181 1052 1240 τὰ
1093 1181 1304 1240 σκέλεα
1336 1179 1680 1257 ἀναξυρίδας,
1710 1179 1832 1240 ἀντὶ
1856 1181 1913 1240 δέ

319 1269 572 1329 ἀσπίδων
618 1270 818 1350 γέρρα·
871 1268 981 1329 ὖπό
1030 1269 1105 1339 δὲ,
1161 1272 1538 1345 φαρετρεῶνες
1589 1270 1912 1346 ἐκρέμαντο·

318 1357 527 1435 αἰχμὰς
567 1357 626 1415 δὲ
665 1357 918 1434 βραχέας
959 1356 1129 1434 εἶχον,
1156 1356 1296 1426 τόξα
1333 1356 1394 1414 δὲ
1428 1356 1670 1436 μεγάλα,
1698 1355 1916 1421 ὅῖστοῧς

320 1443 380 1502 δὲ
414 1443 769 1519 καλαμίνους·
810 1443 953 1520 πρὸς
978 1444 1054 1515 δὲ,
1083 1444 1386 1525 ἐγχειρίδια
1411 1443 1568 1520 παρσῖ
1603 1445 1703 1504 τὸν
1742 1443 1915 1514 δεξιὸν

318 1529 499 1606 μηρὸν
541 1531 994 1608 παραιωρεύμενα
1039 1537 1102 1590 ἐκ
1132 1535 1234 1608 τῆς
1270 1531 1458 1608 ζώνης.
1545 1532 1638 1590 καὶ
1678 1531 1917 1612 ἄρχοντα

320 1619 655 1697 παρείχοντο
700 1616 952 1692 Ὀτάνεα,
1003 1620 1106 1679 τόν
1150 1618 1495 1697 Ἀμήστριος
1542 1621 1773 1697 πατέρα,
1818 1626 1916 1698 τῆς

319 1707 535 1784 Ξέρξεω
579 1705 855 1788 γυναικός.
935 1708 1260 1787 (ἐκαλέοντο
1315 1708 1374 1766 δὲ
1426 1707 1608 1766 πάλαι
1661 1707 1771 1767 fin&
1814 1712 1916 1785 μὲν

316 1792 605 1871 Ἑλλήνων
648 1798 933 1871 Κηφῆνες,
974 1794 1086 1854 hm?
1127 1796 1316 1872 μέντοι
1365 1796 1559 1871 σφέων
1607 1794 1786 1855 αὖτῶν
1825 1799 1914 1856 καὶ

318 1885 428 1942 τῶν
467 1884 758 1960 περιοίκων
780 1881 1049 1959 Ἀρταῖοι·
1093 1882 1212 1941 ἐπεὶ
1253 1883 1312 1941 δὲ
1348 1883 1605 1960 Περσεῦς
1636 1883 1669 1943 ὅ
1698 1885 1913 1962 Δανάης

315 1994 381 2028 τε
422 1970 514 2030 καὶ
556 1970 693 2034 Διός
735 1970 964 2030 ἀπίκετο
1007 1970 1162 2046 παρὰ
1203 1971 1412 2047 Κηφέα
1447 1970 1549 2031 τᾶν
1581 1972 1787 2047 Βήλου,
1823 1974 1911 2033 καὶ

320 2057 454 2136 ἔσχε
481 2056 650 2117 αὐτοῦ
670 2056 780 2134 τὴν
807 2058 1084 2137 θυγατέρα
1106 2058 1495 2135 Ἀνδρομέδην,
1524 2060 1735 2140 γίνεται
1772 2059 1910 2141 αὐτῷ

318 2145 448 2208 πάϊς
492 2149 570 2223 τῷ
616 2142 828 2219 οὕνομα
875 2145 1029 2205 ἔθετο
1082 2146 1340 2223 Πέρσην·
1394 2150 1595 2207 τοῦτον
1643 2147 1703 2207 δὲ
1748 2147 1907 2209 αὐτοῦ

320 2230 659 2300 καταλείπει,
700 2229 969 2311 ἐτύγχανε
1006 2233 1117 2313 γοὶρ
1150 2232 1317 2297 ἅπαις
1354 2233 1457 2293 ἐῶν
1492 2233 1525 2294 ὁ
1563 2235 1792 2311 Κηφεῦς
1825 2236 1904 2314 ἔρ-

319 2341 481 2380 σενος
520 2316 704 2398 γόνου,
743 2318 836 2377 ἐπὶ
874 2318 1073 2379 τούτου
1111 2321 1170 2379 δὲ
1203 2321 1307 2397 τὴν
1348 2323 1662 2400 ἐπωνυμίην
1703 2324 1902 2406 ἔσχον.)

225 2405 301 2465 62
324 2405 512 2479 Μῆδοι
548 2404 609 2463 δὲ
646 2404 750 2480 τήν
794 2404 966 2482 αὐτὴν
998 2407 1204 2484 ταύτην
1247 2410 1583 2486 ἐσταλμένοι
1627 2414 1901 2488 ἐστρατεύ-

319 2516 465 2550 οντο·
508 2492 733 2569 Μηδικὴ
768 2493 881 2574 γὰρ
916 2493 1057 2571 αὕτη
1092 2495 1130 2571 ἦ
1169 2496 1342 2572 σκευή
1381 2501 1522 2566 ἐστι,
1554 2498 1648 2557 καὶ
1682 2498 1745 2558 οὗ
1768 2504 1898 2577 Περ-

318 2578 473 2656 σική.
555 2584 610 2641 οἱ
650 2581 709 2641 δὲ
735 2581 927 2659 Μῆδοι
952 2581 1199 2662 ἄρχοντα
1223 2587 1327 2662 μὲν
1350 2584 1691 2665 παρείχοντο
1716 2587 1897 2667 Τιγρά-

317 2689 432 2741 νην,
459 2667 630 2745 ἄνδρα
654 2668 1067 2749 Ἀχαιμενίδην.
1136 2671 1459 2752 (ἐκαλέοντο
1486 2673 1546 2731 δὲ
1573 2673 1750 2732 πάλαι
1770 2673 1897 2750 πρὸς

315 2752 533 2815 πάντων
562 2755 766 2833 Ἀριοι·
810 2757 1144 2834 ἀπικομένης
1185 2759 1245 2819 δὲ
1283 2760 1534 2835 Μηδείης
1572 2765 1675 2837 τῆς
1703 2764 1895 2842 Κολχί-

317 2840 411 2904 δος
450 2842 512 2912 ἐξ
534 2841 809 2919 Ἀθηνέων
841 2849 896 2907 ἐς
920 2844 1050 2908 τοῦς
1076 2845 1296 2923 Ἀρίους
1321 2847 1566 2917 τούτους,
1593 2851 1897 2925 μετέβαλον

315 2930 409 2987 καὶ
445 2927 598 2990 οὗτοι
636 2930 702 2990 τό
744 2929 970 3007 οὔνομα·
1015 2931 1177 2992 αὐτοὶ
1215 2935 1274 2993 δὲ
1314 2936 1443 3012 περὶ
1471 2936 1670 3012 σφέων
1696 2934 1790 2996 ὧδε
1809 2940 1896 2999 λέ·

314 3041 484 3095 γουσι
527 3016 760 3095 Μῆδοι.)
842 3019 1080 3078 Κίσσιοι
1123 3020 1182 3080 δὲ
1224 3023 1660 3102 στρατευόμενοι
1699 3025 1766 3085 ταῖ
1799 3030 1896 3104 μὲν

314 3101 470 3163 ἄλλα
506 3104 750 3181 κατάπερ
778 3104 1000 3181 Πέρσαι
1041 3107 1396 3169 ἐσκευάδατο·
1440 3110 1563 3171 ἀντὶ
1590 3112 1651 3171 δὲ
1679 3117 1781 3173 τῶν
1812 3117 1896 3176 πί·

316 3191 447 3261 λων,
472 3192 815 3269 μιτρηφόροι
852 3190 1020 3267 ἦσαν.
1105 3197 1366 3258 Κισσίων
1400 3198 1460 3257 δὲ
1494 3197 1637 3278 ἦρχε
1661 3199 1897 3278 Ἀνάφης
