2100 3409
160 78 362 145 47-52]
832 83 1057 132 ΕΡΑΤΩ.
1683 75 1746 135 77

156 169 223 216 ’τα
262 161 411 224 ἰθέως
446 161 740 237 Ἀθηναῖοί
782 162 1062 232 ἐπεκέατο,
1108 161 1390 225 δοκέοντες
1434 161 1526 221 ἐπὶ
1570 163 1749 239 σφίσι

160 247 370 324 ἔχοντας
392 248 523 312 τούς
549 249 852 330 Αἰγινήτας
872 249 1167 309 δεδωκέναι
1194 248 1267 312 ὥς
1292 247 1412 326 ἅμα
1435 253 1513 328 τῷ
1538 250 1742 330 Πέρσῃ

163 337 242 394 ἐπὶ
281 337 460 412 σφέας
507 335 935 414 στρατεύωνπιι·
986 338 1079 397 καὶ
1126 336 1364 414 ἅσμενοι
1416 337 1743 415 προφάσιος

162 424 511 500 ἐπελάβοντο,
540 425 864 502 φοιτέοντές
892 450 975 490 τε,
992 429 1048 487 ἐς
1082 425 1187 501 τήν
1214 425 1482 502 Σπάρτην
1510 423 1746 505 κατηγό-

164 535 276 583 ρεον
296 517 401 573 τῶν
427 513 764 594 Αἰγινητέων
800 510 872 572 τὰ
908 512 1268 589 πεποιήκοιεν
1307 511 1608 624 προδόντες
1640 511 1745 588 τὴν

161 596 411 660 Ελλάδα.
495 602 654 679 Πρὸς
694 600 902 677 ταύτην
944 600 1004 659 δὲ
1036 601 1141 677 τήν
1179 601 1514 681 κατηγορίην
1557 605 1737 660 Κλεο·
1758 602 1839 663 50

163 686 311 762 μένης
342 716 373 747 ο
386 688 850 772 Ἀναξανδρίδεω,
878 688 1222 765 βασιλευς’
1197 715 1299 748 εων
1333 690 1741 766 Σπαρτιητέων,

165 771 360 850 διέβη’
336 802 388 839 ες
413 777 650 857 Αἴγιναν
675 774 1027 851 βουλόμενος
1057 776 1380 852 συλλαβεῖν
1406 777 1744 857 Αἰγινητέων

162 884 277 924 τους
320 863 690 926 αἰτιωτάτους·
745 863 815 927 ὦς
864 863 927 923 δὲ
981 865 1239 942 ἐπειρᾶτο
1298 863 1739 940 συλλαμβάνων,

163 944 314 1008 ἄλλοι
347 977 407 1011 τε
415 941 510 1027 δή
546 950 696 1031 αὐτῷ
723 952 970 1033 ἐγίνοντο
999 951 1243 1021 α’ντίξοοι
1268 955 1379 1011 τῶν
1405 951 1744 1031 Αἰγινητέων

164 1038 214 1092 ἐν
245 1036 298 1095 δὲ
332 1038 398 1115 δη
432 1040 528 1098 καὶ
557 1043 733 1116 Κρῖος
767 1038 800 1098 ὁ
834 1039 1191 1117 Πολυκρίτου
1226 1038 1501 1116 μάλιστα·
1543 1065 1606 1101 ος
1622 1061 1759 1149 ὀνκ,

163 1123 258 1200 ἔφη
296 1126 459 1187 αυτόν
496 1127 691 1187 ουδένα
726 1126 876 1196 ἄξειν
913 1128 1183 1205 χαίροντα
1215 1128 1567 1236 Αἰγινητέων·
1608 1124 1740 1185 ἄνευ

161 1210 254 1288 γάρ
286 1239 377 1289 μιν
405 1206 794 1291 Σπαρτιητέων
835 1218 937 1273 τοῦ
974 1217 1160 1274 κοινοῦ
1195 1214 1404 1272 ποιέειν
1425 1216 1613 1271 ταῦτα
1643 1212 1740 1271 ὑπ’

161 1294 439 1377 Αθηναιων
474 1301 900 1383 ἀναγνωσθέντα
940 1301 1219 1381 χρήμασι·
1259 1299 1380 1378 ἅμα
1402 1300 1513 1383 γὰρ
1540 1298 1611 1361 ἅν
1640 1325 1739 1378 μιν

161 1390 227 1464 τῷ
261 1391 413 1471 ἑτέρῳ
452 1390 699 1468 βασιλέῖ
739 1390 977 1451 ἐλθόντα
1001 1389 1453 1466 συλλαμβάνειν·
1496 1391 1654 1470 ἔλεγε
1679 1388 1740 1448 δὲ

161 1478 315 1535 ταῦτα
338 1480 399 1548 ἐξ
422 1482 732 1555 ἐπιστολῆς
756 1483 855 1555 τῆς
884 1477 1248 1555 Δημαρήτου.
1325 1478 1656 1587 Κλεομένης
1675 1477 1736 1536 δὲ
1819 1521 1836 1536 .

163 1558 636 1643 ἅπελαυνόμενος’
610 1593 669 1625 εκ
695 1571 797 1642 τῆς
823 1566 1068 1675 Αἰγίνης,
1090 1566 1267 1644 εἴρετο
1289 1565 1391 1626 τὰν
1419 1564 1656 1642 Κρῖον”
1624 1592 1656 1624 ο
1681 1590 1737 1624 τι

164 1650 210 1706 οἶ
233 1676 307 1727 ειη
328 1653 392 1713 τὰ
419 1652 665 1738 οὕνομα;
701 1680 733 1712 ο
761 1654 820 1712 δὲ
845 1644 913 1713 τδ
943 1653 1032 1713 ἐὰν
1055 1654 1273 1731 ἔφρασέ
1298 1679 1370 1712 οι·
1414 1680 1446 1713 ο
1474 1653 1533 1710 δὲ
1554 1654 1736 1709 Κλεο-

163 1738 307 1815 μένης
344 1744 485 1820 πρός
528 1740 697 1802 αὗτόν
743 1743 883 1818 ἔφη·
920 1749 957 1777 “
969 1740 1077 1817 ἤδη
1125 1744 1221 1801 νῦν
1269 1737 1644 1817 καταχάλκου,
1694 1736 1736 1796 ὦ

166 1828 298 1901 Κριὲ,
323 1856 391 1889 τα
417 1832 594 1909 κέρεα,
625 1829 695 1893 ὦς
721 1829 1125 1906 συνοισόμενος
1148 1828 1379 1909 μεγάλω
1406 1828 1571 1904 κακῷ.

229 1912 318 1976 Ἑν
350 1918 407 1977 δὲ
448 1923 520 1997 τῇ
556 1918 791 1998 Σπάρτῃ
825 1922 1027 1978 τοῦτον
1067 1916 1166 1977 τόν
1203 1915 1408 1995 χρόνον
1445 1913 1732 1990 ὑπομένων
1748 1916 1821 1974 51

165 2004 474 2082 Δημάρητος
509 2006 541 2066 ὁ
568 2007 903 2083 Ἀρίστωνος
946 2005 1218 2081 διέβαλλε
1258 2003 1358 2063 τδν
1391 2002 1732 2079 Κλεομένεα,

166 2087 251 2146 ἐῶν
280 2091 550 2166 βασιλεῦς
587 2096 679 2152 καὶ
717 2092 876 2157 οὗτος
906 2095 1296 2170 Σπαρτιητέων
1333 2092 1507 2167 οἰκίης
1542 2087 1602 2148 δὲ
1636 2094 1737 2165 τῆς

166 2173 553 2259 ὖποδεεστέρης·
597 2182 713 2239 κατ’
739 2181 889 2240 ἄλλο
916 2183 1019 2258 μὲν
1047 2179 1205 2239 ουδὲν
1230 2179 1733 2256 υποδεεστέρης,-

165 2260 260 2324 dm?
283 2269 385 2348 γὰρ
412 2274 514 2329 τοῦ
546 2269 717 2327 αὐτοῦ
743 2268 1255 2349 γεγόνασι,-κατοὶ
1289 2268 1734 2346 πρεσβυγενείην

165 2348 218 2409 δέ
238 2380 331 2419 κως
354 2360 638 2434 τετίμηται
663 2361 889 2433 μᾶλλον
915 2354 952 2431 ἦ
980 2355 1377 2432 Εὐρυσθένεος.
1461 2355 1727 2413 Λακεδαι-
1749 2358 1827 2413 52

164 2438 321 2511 μόνιοι
352 2445 485 2525 γὰρ
500 2445 902 2524 ὁμολογέοντες
930 2440 1110 2503 οὖδενὶ
1135 2448 1342 2520 ποιητῇ
1368 2443 1604 2522 λέγουσι
1639 2441 1732 2500 αὖ·

164 2526 247 2585 τόν
266 2527 686 2607 Ἀριστόδημον,
714 2531 814 2591 τᾶν
837 2530 1259 2610 Ἀριστομάχου
1289 2534 1391 2590 τοῦ
1418 2530 1733 2588 Κλεοδαίου

164 2618 245 2673 τοῦ
267 2617 495 2690 ’Ύλλου,
523 2619 908 2696 βασιλεύοντα
935 2623 1175 2701 ἀγαγεῖν
1213 2618 1397 2693 σφέας
1435 2621 1491 2679 ἐς
1524 2642 1732 2693 ταυτην

164 2700 246 2776 τήν
274 2731 454 2786 χωρην
489 2707 593 2782 τὴν
629 2711 727 2766 νῦν
764 2708 1030 2777 ἐκτέαται,
1061 2705 1190 2764 ἀλλ’
1219 2703 1284 2765 οὗ
1318 2731 1448 2767 τους
1472 2703 1731 2781 Ἀριστο-

165 2786 315 2865 δῆμου
348 2795 565 2858 παῖδας·
606 2821 750 2871 μετα
778 2795 839 2854 δε
863 2795 1070 2874 χρόνον
1102 2820 1166 2852 ου
1206 2794 1446 2862 πολλὸν,
1472 2792 1731 2870 'Apta-ro-

165 2872 294 2959 δήμω
325 2887 501 2944 τεκεῖν
535 2882 640 2962 τήν
678 2887 913 2963 γυναῖκα
946 2887 1018 2962 τῇ
1050 2907 1262 2958 ουνομα
1290 2880 1428 2940 εἶναι
1451 2880 1730 2958 Ἀργείην·

165 2962 409 3047 θυγατέρα
451 2971 511 3030 δὲ
555 2969 728 3046 αὐτὴν
776 2969 1012 3051 λέγουσι
1061 2969 1200 3028 εἶναι
1243 2967 1589 3028 Αὖτεσιωνος
1632 2968 1734 3020 τοῦ

163 3053 448 3132 Τισαμενοῦ
490 3062 593 3119 τοῦ
629 3053 984 3135 Θερσάνδρου
1031 3060 1133 3116 τοῦ
1177 3054 1590 3114 Πολυνείκεοςκ
1606 3047 1733 3104 ταύ-

163 3161 248 3213 Την
277 3144 330 3203 δὲ
360 3151 538 3205 τεκεῖν
566 3146 784 3221 δίδυμα·
830 3145 1086 3204 ἐπιδόντα
1115 3144 1173 3202 δὲ
1200 3142 1297 3200 τόν
1321 3133 1731 3211 ἈρισὟΟδημΟν

162 3225 222 3351 ἷοῖ
257 3232 412 3291 τέκνα
453 3231 637 3308 νούσω
680 3236 963 3302 τελευτᾶν,
1000 3224 1467 3300 Λακεδαιμονίους
1507 3216 1565 3273 δὲ
1605 3239 1733 3275 τους

197 3307 311 3365 Ῐ·-Ἷ
