2100 3409
211 72 421 138 16—19]
817 73 1227 127 marmora.
1781 78 1812 131 ⁷

212 154 509 230 μέταλλον,
538 154 604 227 ἐξ
627 152 695 216 οὗ
720 156 960 233 ὕστερον
992 153 1205 215 τούτων
1233 153 1513 216 τάλαντον
1548 154 1816 237 α’ργυρίου

211 240 552 322 Ἀλεξάνδρῳ
604 243 819 321 ἤμέρης
877 242 1116 318 ἑκάστης
1151 244 1370 320 ἐφοίτα·
1439 243 1582 320 μετὰ
1633 244 1693 303 δὲ
1746 245 1812 305 τὰ

212 330 508 405 μέταλλον,
566 332 842 410 Δύσωρον
897 330 1236 407 καλεόμενον
1278 330 1440 408 οὖρος
1479 331 1807 409 ὑπερβάντα

214 418 342 477 εἶναι
373 423 434 478 ἐν
467 420 810 499 Μακεδονίῃ.
895 422 970 479 Οἱ
1009 417 1085 478 ὦν
1117 421 1341 495 Πέρσαι
1374 422 1427 478 οἶ
1462 420 1812 496 πεμφθέντες
1831 422 1905 480 18

213 503 358 565 οὗτοι
403 507 562 584 παρὰ
603 507 704 567 τόν
743 507 1020 586 Ἀμύντην
1057 505 1128 569 ὥς
1163 506 1447 577 ἀπίκοντο,
1490 510 1675 567 αἴτεον
1715 512 1804 567 ἐλ-

212 594 397 657 θόντες
432 600 489 658 ἐς
534 594 670 673 ὄψιν
713 596 819 671 τήν
855 593 1137 672 Ἀμύντεω
1175 596 1390 674 Δαρείῳ
1423 596 1664 672 βασιλέϊ
1701 600 1811 676 γῆν

210 707 267 739 τε
287 682 378 739 καὶ
397 681 566 759 ὕδωρ·
603 682 636 743 ὁ
659 683 719 742 δὲ
743 682 920 743 ταῦτα’
941 708 1004 742 τε
1033 683 1229 752 ἐδίδου,
1259 683 1356 740 καί
1377 690 1562 759 σφεας
1588 685 1679 743 ἐπὶ
1705 685 1810 753 ξεί-

208 795 294 827 νια
331 770 542 828 καλέει·
591 770 1165 847 παρασκευασάμενος
1207 771 1267 829 δὲ
1308 771 1527 831 δεῖπνον
1565 777 1806 851 μεγαλο-

120 913 138 930 ,
211 859 425 930 πρεπὲς,
470 857 687 917 ἐδέκετο
725 858 856 921 τούς
895 859 1130 934 Πέρσας
1171 857 1544 934 φιλοφρόνως.
1631 858 1702 922 ὥς
1748 859 1809 918 δὲ

207 944 316 1003 <iord
352 944 580 1004 δείπνου
617 947 888 1026 ἐγένοντο,
920 945 1264 1008 διαπίνοντες
1297 946 1458 1005 εἶπαν
1492 949 1547 1005 οἱ
1582 948 1809 1024 Πέρσαι

205 1030 353 1091 τάδε·
397 1042 433 1068 “
451 1032 595 1101 ξεῖνε
631 1032 921 1104 Μακεδών,
949 1031 1086 1109 ἡμῖν
1120 1032 1289 1109 νόμος
1322 1034 1445 1092 ἐστὶ
1470 1037 1623 1092 τοῖσι
1659 1036 1805 1111 Πέρ-

205 1145 363 1196 σῃσι,
392 1120 563 1179 ἐπεσῖν
588 1119 808 1180 δεῖπνον
832 1120 1224 1197 προτιθώμεθα
1248 1121 1412 1201 μέγα,
1438 1121 1566 1182 τότε
1591 1123 1683 1180 καὶ
1706 1121 1808 1186 τὰς

207 1206 504 1269 παλλακὰς
530 1208 624 1266 καὶ
647 1207 746 1271 τὰς
766 1208 1041 1284 κουριδίας
1055 1212 1316 1289 γυναῖκας
1342 1208 1651 1289 ἐσάγεσθαι
1681 1235 1821 1286 παρ-

205 1295 415 1371 έδρους·
497 1295 574 1355 σύ
606 1291 718 1367 νυν,
758 1298 982 1372 ἐπείπερ
1016 1294 1316 1372 προθύμως
1348 1299 1451 1373 μὲν
1486 1297 1676 1367 ἐδέξαο
1709 1322 1806 1374 μεε-

201 1382 388 1462 γάλως
415 1384 477 1441 δὲ
501 1384 761 1454 ξεινίζεις,
789 1384 958 1447 διδοῖς
981 1410 1043 1443 τε
1068 1385 1310 1460 βασιλέϊ
1346 1386 1562 1463 Δαρείῳ
1596 1389 1705 1467 γῆν
1739 1411 1804 1446 τε

203 1471 296 1529 καὶ
318 1470 485 1548 ὕδωρ,
513 1472 644 1530 ἕπεο
679 1471 830 1550 νόμῳ
860 1477 939 1550 τῷ
962 1470 1262 1550 ἦμετέρῳ·”
1304 1472 1425 1531 εἶπε
1454 1473 1595 1549 πρὸς
1622 1476 1801 1532 ταῦτα

200 1556 497 1634 Ἀμύντης·
541 1568 577 1593 “
593 1558 650 1617 ὦ
668 1559 908 1635 Πέρσαι,
936 1557 1107 1635 νόμος
1136 1562 1241 1635 μὲν
1272 1559 1408 1637 ἡμῖν
1438 1561 1508 1640 γέ
1541 1564 1666 1620 ἐστι
1702 1560 1803 1619 οὐκ

199 1644 381 1715 οὗτος,
423 1645 581 1706 α’,λλα
624 1647 962 1725 κεχωρίσθαι
1001 1645 1204 1724 ανὸρας
1240 1673 1531 1728 γυναικων·
1582 1648 1707 1707 ἐπεί
1738 1673 1803 1707 τε

197 1734 318 1794 δὲ’
283 1738 446 1811 υμεῖς
473 1733 657 1796 ἐόντες
675 1732 948 1793 δεσπόται
967 1734 1357 1813 προσχρῄζετε
1381 1736 1635 1816 τουτέων,
1664 1760 1803 1811 παρ-

197 1823 363 1882 έσται
400 1822 537 1898 υμῖν
573 1821 666 1880 καὶ
699 1820 924 1880 ταῦταῗ
974 1823 1136 1884 εἴπας
1162 1827 1418 1881 τοσαῦτα
1459 1821 1490 1881 ὁ
1526 1821 1803 1899 Ἀμύντης

191 1911 587 1986 μετεπέμπετο
604 1908 704 1971 τσῖς
738 1914 1019 1989 γυναῖκας·
1070 1912 1129 1967 αἱ
1156 1908 1202 1967 δ’
1230 1910 1356 1967 ἐπεί
1372 1935 1435 1967 τε
1470 1909 1802 1986 καλεόμεναι

191 1996 393 2072 ἦλθον,
421 1996 624 2072 ἐπεξῆς
647 1995 829 2056 ἀντίαι
856 1997 1038 2067 ἵζοντο
1064 2000 1217 2056 τοῖσι
1244 1996 1530 2075 Πέρσῃσι·
1565 1997 1803 2057 ἐνθαῦτα

193 2087 248 2143 οἱ
270 2086 498 2162 Πέρσαι
528 2083 770 2159 ἰδόμενοι
794 2087 1059 2164 γυναῖκας
1086 2083 1426 2160 εὐμόρφους,
1448 2084 1800 2166 ἔλεγονιπρός

190 2169 476 2248 Ἀμύντην
523 2170 768 2248 φάμενοι
812 2181 846 2206 “
862 2171 929 2231 vd
975 2173 1207 2246 ποιηθὲν
1250 2177 1420 2231 τοῦτο
1465 2171 1621 2232 οὐδὲν
1661 2173 1801 2232 εἶναι

189 2259 407 2335 σοφόν·
451 2260 850 2339 κρέσσονσγάρ
892 2259 1030 2318 εἶναι
1071 2258 1317 2338 ἀρχῆθεν
1355 2261 1437 2336 μὴ
1478 2262 1663 2321 ἐλθεῖν
1700 2261 1802 2325 τὰς

188 2352 476 2424 γυναῖκας,
516 2345 554 2422 ἦ
597 2346 878 2410 ἐλθούσας
916 2347 1009 2406 καὶ
1055 2347 1135 2423 μὴ
1188 2349 1559 2424 παριζομένας
1612 2348 1800 2412 ἀντίας

184 2435 416 2505 ἵζεσθαι
443 2434 761 2515 ἀλγηδόνας
797 2442 910 2510 σφι
945 2433 1311 2511 ὄφθαλμῶν·”
1354 2434 1799 2516 ἀναγκαζόμενος

183 2522 247 2581 δὲ
276 2523 313 2582 ὁ
345 2522 626 2597 Ἀμύντης
654 2522 872 2581 ἐκέλευε
891 2522 1158 2598 παρίζειν·
1200 2523 1568 2598 πειθομενέων
1594 2524 1655 2582 δὲ
1690 2529 1802 2583 τῶν

178 2614 486 2690 γυναικῶν,
516 2607 713 2667 αὐτίκα
740 2611 793 2668 οἱ
820 2610 1044 2685 Πέρσαι
1068 2614 1301 2685 μαστῶν
1330 2636 1393 2669 τε
1419 2608 1679 2681 ἅπτοντο,
1709 2613 1801 2671 οἷα

176 2697 442 2766 πλεύνως
471 2697 773 2772 οἰνωμένοι,
803 2697 900 2755 καί
921 2723 1019 2757 κου
1042 2723 1128 2759 τις
1155 2698 1246 2754 καὶ
1274 2698 1490 2772 φιλέειν
1518 2693 1794 2775 ἐπειρᾶτο·

174 2783 470 2860 Ἀμύντης
500 2786 604 2860 μὲν
643 2783 710 2859 δὴ
745 2788 921 2844 ταῦτα
958 2784 1128 2862 ὁρέων
1154 2784 1396 2861 ἀτρέμας
1431 2785 1546 2863 εἶχε
1575 2787 1671 2844 καί
1692 2813 1797 2862 περ
1819 2790 1892 2845 19

175 2871 539 2978 δυσφορέων,
571 2871 664 2930 οἷα
688 2871 1119 2948 ὑπερδειμαίνων
1156 2897 1288 2934 τους
1315 2873 1564 2949 Πέρσας·
1605 2872 1798 2942 Ἀλέξ-

173 2960 389 3036 ανδρος
410 2957 524 3018 δὲε
492 2985 522 3017 ο
545 2957 828 3034 Ἀμύντεω
848 2985 1067 3034 παρεων
1085 2984 1147 3019 τε
1176 2959 1268 3016 καὶ
1295 2958 1463 3033 ὁρέων
1481 2963 1673 3025 ταῦτα,
1701 2983 1799 3015 ατε

174 3048 310 3110 νέος
335 3073 403 3106 τε
429 3045 531 3105 ἐων
560 3045 653 3103 καὶ
681 3049 861 3105 κακῶν
887 3045 1125 3120 ἀπαθὴς,
1163 3044 1469 3120 ούδαμως”
1441 3068 1520 3101 ετι
1548 3043 1799 3115 κατέχειν

173 3134 306 3197 οἶός
329 3159 397 3195 τε
416 3133 506 3208 ἦν·
538 3132 684 3192 ὥστε
705 3132 764 3191 δὲ
780 3131 1000 3208 βαρέως
1021 3132 1207 3208 φέρων
1227 3130 1353 3190 εἷπε
1364 3128 1505 3204 πρός
1522 3123 1796 3197 Ἀμύντεα

167 3219 341 3284 τάδε·
388 3218 518 3280 ‘'o-v
555 3222 679 3297 μὲν,
720 3217 763 3277 ὦ
802 3219 995 3296 πάτερ,
1038 3218 1151 3277 εἶκε
1190 3218 1263 3293 τῇ
1300 3211 1493 3289 ηλικῖῃ
1530 3205 1708 3265 ἀπιών
1734 3231 1798 3264 ΤΕ
