2100 3409
336 66 428 113 166
960 47 1315 111 ΗΡοΔοτοτ·
1769 57 1919 165 [711.

331 140 556 213 λόντων,
601 139 909 216 δασάμενοι
942 142 1107 199 σῖτον
1150 143 1208 199 ἐν
1247 140 1387 217 τῇσι
1426 135 1633 199 πόλισι
1668 139 1724 198 οἶ
1765 137 1921 200 ἀστοὶ

335 226 543 304 ἄλευρά
588 252 649 287 τε
698 227 788 286 καὶ
835 225 1056 302 ἄλφιτα
1104 226 1321 285 ἐποίευν
1368 224 1570 288 πάντες
1617 226 1711 285 ἐπὶ
1755 230 1920 303 μῆνας

335 316 591 394 συχνούς·
631 319 798 376 τοῦτο
839 315 914 383 δὲ,
944 313 1144 389 κτήνεα
1175 312 1503 374 σιτεύεσκον
1528 314 1919 391 ἐξευρίσκοντες

336 409 500 480 τιμῆς
540 403 612 463 τοὶ
659 402 959 472 κάλλιστα,
1002 401 1239 478 ἔτρεφόν
1275 426 1338 461 τε
1374 399 1598 477 ὄρνιθας
1637 404 1918 480 χερσαίους

338 492 431 550 καὶ
462 491 750 568 λιμναίους
788 490 846 548 ἔν
884 514 948 549 τε
987 489 1260 566 οἰκήμασι
1292 488 1386 547 καὶ
1410 487 1694 558 λάκκοισι,
1723 495 1777 552 ἐς
1798 488 1917 549 ὕπο-

340 577 511 657 δοχοὶς
528 580 629 638 τοῦ
655 580 921 654 στρατοῦ·
960 580 1129 636 τοῦτο
1155 576 1232 645 δὲ,
1247 573 1466 655 χρύσεά
1486 601 1548 635 τε
1575 577 1670 635 καὶ
1694 576 1917 656 ἀργύρεα

337 663 578 741 ποτήριά
618 690 682 725 τε
724 664 818 724 καὶ
860 667 1137 742 κρητῆρας
1181 667 1479 738 ἐποιεῦντο,
1527 663 1620 722 καὶ
1665 663 1738 723 τοὶ
1782 662 1916 723 ἄλλα

341 750 455 812 ὅσα
498 753 589 812 ἐπὶ
634 752 912 830 τράπεζαν
950 752 1202 813 τιθέαται
1240 752 1438 812 πάντα.
1506 754 1685 811 ταῦτα
1723 753 1824 828 μὲν
1855 748 1914 825 δή

342 838 488 919 αὐτῷ
518 866 584 900 τε
616 841 860 917 βασιλέϊ
894 841 986 900 καὶ
1023 842 1180 900 τοῖσι
1218 839 1543 917 ὁμοσίτοισι
1582 837 1705 915 μετ’
1731 838 1915 898 ἐκείνου

344 928 657 1004 ἐπεποίητο,
682 934 755 1009 τῇ
791 928 851 989 δὲ
875 927 1029 1008 ἄλλῃ
1055 931 1295 1006 στρατιῇ
1317 926 1402 986 τοὶ
1416 932 1473 990 ἐς
1499 926 1734 1003 φορβὴν
1757 929 1914 1003 μοῦνα

339 1015 683 1093 τασσόμενα.
769 1016 907 1079 ὅκως
953 1016 1013 1075 δὲ
1060 1015 1316 1076 ἀπίκοιτο
1363 1014 1401 1090 ἦ
1449 1040 1708 1091 στρατιη,
1756 1039 1913 1090 σκηνη

342 1106 448 1180 μὲν
488 1103 619 1163 ἔσκε
663 1107 947 1184 πεπηγυῖα
993 1104 1185 1180 ἑτοίμη
1231 1108 1288 1165 ἐς
1330 1102 1437 1178 τὴν
1477 1101 1644 1165 αὖτὸς
1682 1101 1916 1178 σταθμόν

343 1193 667 1252 ποιεέσκετο
692 1192 922 1269 Ξέρξης·
962 1190 1001 1268 ἡ
1040 1191 1102 1250 δὲ
1145 1188 1301 1265 άλλη
1336 1190 1575 1266 στρατιὴ
1610 1191 1742 1250 ἔσκε
1778 1189 1917 1249 dval-

344 1281 515 1357 θριος·
560 1279 630 1342 ὥς
667 1280 726 1338 δὲ
762 1279 984 1340 δείπνου
1018 1279 1231 1359 γίνοιτο
1272 1275 1404 1355 ὥρη,
1432 1281 1487 1337 οἱ
1515 1279 1618 1355 μὲν
1659 1278 1919 1355 δεκόμενοι

350 1367 584 1444 ἔχεσκον
622 1366 812 1426 πόνον·
854 1369 909 1424 οῖ
935 1367 1010 1436 δὲ,
1039 1366 1178 1430 ὅκως
1202 1366 1549 1442 πλησθέντες
1574 1365 1746 1444 νύκτα
1770 1363 1918 1425 αὖτοῧ

347 1452 624 1533 ἀγάγοιεν,
654 1457 725 1531 τῇ
749 1452 1016 1533 ὑστεραίῃ
1041 1454 1148 1530 τήν
1176 1480 1240 1514 τε
1275 1453 1490 1530 σκηνὴν
1513 1452 1920 1515 ἀνασπάσαντες

349 1539 440 1598 καὶ
463 1539 536 1600 τοὶ
561 1541 769 1599 ἔπιπλα
796 1540 979 1602 πάντα
1005 1540 1299 1618 λαβόντες,
1332 1540 1474 1601 οὕτω
1504 1540 1915 1613 άπελαύνεσκον,

256 1628 372 1688 120
389 1629 672 1692 λείποντες
699 1627 873 1702 οὐδὲν,
903 1628 1059 1689 άλλοὶ
1100 1629 1417 1706 φερόμενοι·
1446 1628 1628 1689 Ἔνθα
1655 1630 1723 1705 δή
1751 1635 1918 1709 Μεγα-

349 1717 603 1793 κρέοντος
621 1716 817 1795 άνδρὸς
840 1717 1187 1794 Ἀβδηρίτεω
1214 1719 1344 1781 ἔπος
1371 1716 1429 1777 εὖ
1457 1719 1743 1795 εἰρημένον
1769 1718 1921 1798 ἐγένε·

344 1829 429 1873 το,
458 1803 520 1869 ὃς
553 1805 974 1882 συνεβούλευσε
1012 1805 1404 1884 Ἀβδηρίτῃσι,
1432 1806 1707 1890 πανδημεὶ
1747 1804 1920 1867 uffa-mk

348 1892 442 1950 καὶ
478 1897 741 1974 γυναῖκας
780 1893 1047 1956 ἐλθόντας
1087 1897 1144 1956 ἐς
1181 1891 1254 1952 τοὶ
1294 1894 1546 1969 σφέτερα
1588 1893 1697 1969 ἱροὶ,
1729 1892 1920 1964 ἵζεσθαι

349 1980 529 2045 ἱκέτας
552 1985 664 2042 τῶν
704 1982 856 2055 θεῶν,
887 1982 1353 2059 παραιτεομένους
1379 1980 1472 2039 καὶ
1495 1980 1564 2041 τό
1588 1981 1794 2041 λοιπόν
1827 1984 1920 2055 σφι

347 2065 655 2144 ἀπαμύνειν
688 2072 799 2127 τῶν
834 2068 1099 2129 ἐπιόντων
1136 2073 1316 2128 κακῶν
1354 2094 1426 2128 τα
1464 2067 1695 2144 ημίσεα·
1735 2070 1840 2128 τῶν
1869 2090 1921 2127 τε

346 2155 766 2232 παροιχομένων
805 2155 951 2233 ἔχειν
989 2149 1104 2231 σφι
1142 2154 1397 2237 μεγάλην
1434 2155 1614 2234 χάριν,
1642 2156 1732 2216 ὅτι
1767 2157 1918 2232 βασι-

349 2239 480 2302 λευς
514 2240 726 2316 Ξέρξης
764 2238 828 2300 οὗ
868 2241 952 2304 δὶς
993 2242 1232 2319 ἑκάστης
1271 2242 1482 2321 ἡμέρης
1518 2242 1746 2321 ἐνόμισε
1784 2246 1919 2303 σῖτον

350 2325 664 2403 αιρέεσθαι·
716 2328 981 2408 παρέχειν
1021 2328 1134 2410 γὰρ
1189 2329 1259 2389 αν
1304 2329 1697 2408 Ἀβδηρίτῃσι,
1754 2334 1800 2391 εἰ
1847 2326 1919 2388 καὶ

350 2412 582 2489 ἄριστον
620 2416 917 2492 προείρητο
956 2415 1128 2494 ὁμοῖα
1150 2421 1229 2496 τῷ
1254 2418 1451 2497 δείπνῳ
1489 2416 1916 2494 παρασκευάζειν,

350 2498 390 2575 ἢ
433 2500 517 2582 μή
562 2500 856 2581 ὖπομένειν
897 2503 1110 2581 Ξέρξεα
1153 2506 1393 2575 ἐπιόντα,
1434 2503 1473 2581 ἢ
1516 2506 1919 2582 καταμείναντας

350 2586 589 2651 κάκιστα
627 2590 847 2652 πάντων
877 2590 1179 2669 ἀνθρώπων
1215 2592 1589 2670 διατριβῆναι.
1671 2595 1729 2653 οἱ
1750 2594 1846 2669 μὲν
1863 2587 1917 2663 δῆ

350 2677 664 2754 πιεζόμενοι
704 2678 905 2757 ὁμοίιος
942 2679 1010 2739 τὰ
1053 2679 1501 2756 ἐπὴασσόμενον
1541 2680 1839 2740 ἐπετέλεον.

259 2762 368 2823 121
473 2765 683 2841 Ξέρξης
723 2766 782 2824 δὲ
822 2771 884 2825 ἐκ
921 2769 1022 2843 τῆς
1044 2766 1336 2839 Ἀκάνθου,
1379 2767 1762 2845 ἐντειλάμενος
1795 2768 1917 2828 τοῖσι

351 2856 727 2931 στρατηγοῖσι
749 2852 850 2913 τᾶν
874 2853 1132 2914 ναυτικόν
1157 2855 1404 2932 στρατὸν
1427 2855 1721 2932 ὑπομένειν
1741 2852 1918 2930 ἑνΘέρ·

352 2965 450 3018 μῃ,
477 2938 660 3018 ἀπῆκε
685 2938 780 2998 ἀπ’
809 2943 1009 3001 ἑωυτοῦ
1047 2942 1388 3020 πορεύεσθαι
1422 2942 1524 3007 τοὶς
1550 2943 1695 3007 νέας·
1737 2943 1919 3023 (Θέρμῃ

352 3026 414 3087 δὲ
444 3031 517 3108 τῇ
559 3031 619 3087 ἐν
656 3030 736 3106 τῷ
761 3029 1016 3109 Θερμαίῳ
1054 3029 1247 3111 κόλπω
1274 3032 1555 3110 οἰκημένῃ,
1583 3030 1680 3090 ἀπ’
1707 3028 1777 3108 ἧς
1798 3030 1877 3090 καὶ
1895 3052 1919 3085 ο

290 3165 297 3170 .
352 3114 564 3181 κόλπος
589 3141 753 3180 ουτος
775 3114 880 3192 τὴν
905 3119 1215 3194 ἐπωνυμίην
1254 3119 1414 3199 ἔχεν)
1454 3143 1632 3198 ταυτῃ
1657 3145 1768 3200 γαρ
1794 3123 1923 3178 ἐπυν·

353 3201 552 3266 θάνετο
583 3228 1012 3278 συντομωτατον
1043 3204 1201 3266 εἶναι
1280 3208 1450 3286 μέχρι
1486 3231 1593 3284 μεν
1619 3231 1735 3287 γαρ
1759 3201 1923 3268 Ἀκάν-

1999 3267 2005 3380 1
