2100 3409
766 400 1469 473 ‘HPOAOTOY

564 580 1082 652 ἸΣΤΟΡΙΩΝ
1149 580 1656 653 ἘΒΔΟΜΗ.

1014 713 1216 781 4*-

889 872 1336 928 ΠΟΛΥΜΝῙΑ.

298 988 328 1048 1
440 987 649 1048 ἙΠΕΙ
690 988 750 1048 δὲ
791 987 1028 1071 οἷγγελίη
1067 987 1297 1048 ἆπικετο
1336 987 1464 1065 περὶ
1498 991 1602 1064 τῆς
1637 984 1814 1065 μάχης
1842 985 1936 1057 τῆς

296 1097 299 1100 ’
365 1079 423 1135 ἐν
454 1075 764 1154 Μαραθῶνι
797 1077 1096 1157 γενομένης
1124 1101 1278 1152 παρα
1313 1075 1569 1151 βασιλέα
1596 1075 1823 1151 Δαρεῖον
1844 1095 1935 1130 τον

361 1161 737 1236 Ὑστάσπεος,
768 1164 861 1222 καὶ
896 1165 1029 1241 πρὶν
1064 1162 1324 1245 μεγάλως
1360 1162 1766 1243 κεχαραγμένον
1798 1163 1935 1218 τοῖσι

361 1249 711 1329 Ἀθηναίοισι
746 1250 837 1310 δια
870 1250 976 1327 τήν
1011 1256 1067 1315 ἐς
1104 1250 1306 1326 Σάρδις
1344 1250 1619 1326 ἐσβολὴν,
1653 1248 1740 1308 καὶ
1764 1247 1828 1321 δὴ
1853 1244 1935 1304 καὶ

363 1331 492 1391 τότε
528 1335 728 1410 πολλῶ
761 1357 823 1391 τε
857 1330 1187 1408 δεινότερα’
1162 1332 1341 1391 εποίεε
1369 1331 1460 1389 καὶ
1483 1334 1709 1408 μᾶλλον
1735 1327 1934 1405 ὥρμητο

363 1417 814 1494 στρατεύεσθαι’
788 1418 878 1477 επὶ
902 1418 1006 1493 τήν
1023 1416 1296 1478 Ελλάδα.
1339 1417 1431 1476 καὶ
1456 1416 1652 1477 αὔτικα
1670 1417 1768 1492 μὲν
1788 1420 1935 1494 ἐπηγ·

362 1504 603 1585 γέλλετο
650 1506 882 1581 πέμπων
928 1504 1201 1587 ἀγγέλους
1249 1504 1389 1565 κατοὶ
1428 1504 1610 1574 πόλις,
1655 1502 1937 1580 ἑτοιμάζειν

329 1605 342 1616 ‘
365 1585 651 1669 στρατιήν,
688 1595 890 1671 πολλῷ
918 1593 1073 1651 πλέω
1105 1592 1425 1653 ἐπιτάσσων
1451 1591 1487 1668 ἢ
1513 1590 1784 1668 πρότερον
1813 1601 1933 1666 παρ’·

364 1684 533 1759 εἳχον,
561 1682 653 1739 καὶ
684 1680 809 1744 νέας
844 1706 907 1740 τε
949 1682 1040 1739 καὶ
1075 1680 1275 1745 ἵππους
1311 1681 1401 1739 καὶ
1434 1683 1597 1739 σῖτον
1638 1679 1728 1738 καὶ
1762 1681 1933 1737 πλοῖα·

361 1767 571 1828 τούτων
610 1767 669 1828 δὲ
708 1767 1282 1850 περιαγγελλομένων,
1315 1767 1352 1843 ἦ
1381 1766 1552 1843 Ἀσίη
1584 1766 1825 1827 ἐδονέετο
1861 1764 1937 1824 ἐπὶ

362 1856 490 1932 τρία
515 1857 654 1927 ἔτεα,
684 1855 1141 1937 καταλεγομένων
1164 1879 1226 1913 τε
1251 1857 1361 1915 τῶν
1388 1853 1632 1931 ἀρίστων
1650 1852 1723 1918 ὥς
1747 1853 1836 1912 ἐπὶ
1851 1851 1937 1926 τήν

360 1940 613 2001 Ἑλλάδα
665 1941 1177 2019 στρατευσαμένων,
1227 1942 1321 2001 καὶ
1374 1939 1937 2018 παρασκευαζομένων.

362 2029 606 2109 τετάρτῳ
647 2030 708 2089 δὲ
748 2029 856 2088 ἔτεϊ
893 2029 1210 2110 Αἰγύπτιοι,
1243 2028 1353 2088 fin&
1387 2027 1721 2106 Καμβύσεω
1759 2028 1937 2087 δουλω·

369 2117 568 2185 θέντες,
618 2115 950 2191 ἀπέστησαν
989 2115 1102 2177 ἆπό
1144 2117 1431 2193 Περσέων·
1488 2116 1724 2176 ἐνθαῦτα
1762 2116 1829 2192 δή
1865 2114 1938 2173 καὶ

365 2206 594 2279 μᾶλλον
633 2201 856 2279 ὥρμητο
897 2203 987 2262 καὶ
1023 2203 1108 2264 ἐπ’
1142 2202 1495 2315 οΞμφοτέρους
1535 2202 1937 2281 στρατεύεσθαι.

311 2292 349 2350 2
369 2286 757 2366 Στελλομένου
797 2289 857 2348 δὲ
885 2291 1179 2368 Δαρείου’
1152 2290 1237 2350 επ’
1273 2290 1557 2372 Αἴγυπτον
1590 2291 1682 2349 καὶ
1705 2289 1939 2368 Ἀθήνας,

364 2402 475 2436 των
509 2375 719 2437 παίδων
749 2376 919 2438 αυτοῦ
956 2376 1163 2442 στάσις
1202 2377 1417 2459 ἐγένετο
1453 2379 1681 2459 μεγάλη
1713 2378 1839 2456 περὶ
1860 2380 1942 2453 τῆς

366 2462 684 2544 ἡγεμονίης·
725 2491 796 2529 ως
822 2465 908 2524 δεῖ
927 2491 1026 2542 μιν
1050 2464 1395 2535 ἀποδέξαντα
1419 2464 1677 2542 βασιλέα
1703 2491 1841 2525 κατα
1863 2464 1941 2525 τόν

370 2549 637 2621 Περσεων
653 2545 840 2623 νόμον,
857 2572 996 2605 ουτω
1012 2544 1435 2623 στρατεύεσθαι·
1461 2545 1612 2622 ἦσαν
1624 2545 1732 2627 γὰρ
1751 2545 1942 2623 Δαρείῳ

370 2632 462 2691 καὶ
500 2631 772 2710 πρότερον
805 2632 843 2710 ἢ
875 2634 1229 2711 βασιλεῦσαι
1258 2632 1553 2716 γεγονότες
1578 2637 1726 2710 τρεῖς
1758 2659 1805 2692 π

371 2724 431 2780 ἐκ
469 2724 570 2795 τῆς
609 2720 880 2798 προτέρης
924 2720 1182 2803 γυναικὸς
1228 2719 1505 2799 Γωβρόεω
1547 2720 1836 2803 θυγατρός,
1873 2719 1946 2779 καὶ

367 2806 786 2883 βασιλεύσαντι
826 2808 889 2878 ἐξ
922 2806 1210 2885 Ἀτόσσης
1247 2811 1350 2886 τῆς
1390 2807 1582 2887 Κύρου
1627 2808 1805 2885 ἕτεροι
1841 2808 1943 2869 τέσ-

370 2920 551 2973 σερες·
591 2897 701 2954 τῶν
732 2897 835 2971 μὲν
867 2895 935 2972 δὴ
962 2896 1246 2974 προτέρων
1283 2895 1595 2974 ἐπρέσβευε
1619 2894 1946 2975 Ἀρταβαζά·

370 3009 484 3090 νης,
517 2985 630 3042 τῶν
662 2980 722 3040 δὲ
755 2983 1156 3064 ἐπιγενομένων
1187 2984 1419 3062 Ξέρξης·
1454 2984 1635 3049 ἐόντες
1670 2985 1729 3045 δε
1759 3009 1947 3063 μητρος

371 3096 436 3130 ου
481 3074 583 3147 τῆς
629 3068 815 3145 αὐτῆς,
865 3070 1219 3142 ἐστασίαζον·
1290 3100 1321 3133 ο
1375 3075 1480 3150 μὲν
1526 3073 1945 3150 Ἀρταβαζάνης,

371 3157 561 3218 κατότι
599 3155 994 3235 πρεσβύτατός
1031 3183 1095 3217 τε
1136 3159 1221 3236 εἴη
1260 3186 1470 3225 παντος
1519 3165 1623 3222 τοῦ
1669 3161 1842 3240 γόνου
1875 3157 1948 3221 καὶ
