2100 3409
211 74 431 141 33—36]
826 75 1244 130 ἰῈΡΨΙΧοΡΗι
1760 79 1842 129 15·

210 161 264 220 ἐς
289 156 359 216 τὸ
382 158 574 235 τεῖχος
598 155 1104 232 παρεσκευάσαντο
1125 156 1185 216 δὲ
1205 154 1278 220 οἷς
1293 155 1824 235 πολιορκησόμενοι·

208 245 300 303 καὶ
337 247 476 304 σῖτα
518 243 614 302 καὶ
654 240 802 302 ποτσῖ
841 242 909 303 τό
945 247 1134 323 τεῖχος
1174 243 1469 315 ἐσάξαντο.
1538 246 1631 303 καὶ
1671 241 1824 305 οὗτοι

144 333 159 344 “
204 335 310 409 μὲν
327 331 792 409 παρεσκευάδατο
821 329 892 394 ὥς
916 333 1307 408 παρεσομένου
1333 338 1446 407 σφι
1472 332 1745 408 πολέμου,
1768 336 1823 392 οἶ

203 419 252 479 δ’
294 421 422 480 ἐπεί
454 443 520 479 τε
560 418 836 494 διέβαλον
875 423 937 478 ἐκ
976 422 1079 494 τῆς
1123 420 1268 479 Χίου
1305 419 1407 483 τὰς
1451 421 1579 483 νέας
1619 425 1674 483 ἐς
1717 419 1824 495 τήν

201 505 417 581 Νάξον,
447 505 595 584 πρὸς
620 506 1053 587 πεφραγμένους
1078 508 1523 584 προσεφέροντο·
1568 508 1660 566 καὶ
1692 511 1822 566 ε’πο·

199 594 466 671 λιόρκεον
518 597 701 670 μῆνας
734 637 747 647 ·
761 594 1060 671 τέσσερας·
1128 594 1200 657 ὦς
1251 594 1310 654 δὲ
1359 595 1431 655 τά
1483 620 1547 655 τε
1600 596 1823 674 ἔχοντες

198 681 387 757 ἦλθον
427 681 697 760 χρήματα
741 683 795 741 οἱ
837 683 1069 757 Πέρσαι
1108 686 1286 743 ταῦτα
1332 681 1821 758 καταδεδαπάνητό

198 777 315 844 σφι
342 770 438 829 καὶ
467 770 618 848 αὐτῷ
640 773 719 848 τῷ
743 768 1127 850 Ἀρισταγόρῃ
1150 773 1649 848 προσαναισίμωτο
1674 774 1816 830 πολ-

196 858 296 930 λιὶ,
340 861 447 917 τοῦ
493 857 738 921 πλεῦνός
780 882 844 917 τε
898 857 1082 917 ἐδέετο
1127 856 1166 933 ἦ
1213 860 1529 935 πολιορκίη,
1579 859 1817 918 ἐνθαῦτα

194 947 389 1024 τείχεα
444 949 600 1006 τοῖσι
648 944 868 1026 φυγάσι
919 951 1030 1005 τῶν
1076 947 1303 1017 Ναξίων
1350 947 1818 1024 οἰκοδομήσαντες

194 1032 659 1093 ἀπαλλάσσοπο
687 1037 743 1096 ἐς
768 1033 873 1108 τήν
897 1032 1148 1111 ἤπειρον,
1178 1039 1357 1099 κακῶς
1382 1034 1756 1111 πρήσσοντες.

280 1120 698 1202 Ἀρισταγόρης
730 1121 790 1181 δὲ
822 1120 922 1181 οὐκ
958 1120 1077 1201 εἶχε
1106 1121 1211 1197 τήν
1236 1121 1556 1201 ὑπόσχεσιν
1581 1126 1659 1200 τῷ
1682 1122 1812 1199 Ἀρ·
1830 1124 1907 1182 35

192 1211 474 1286 ταφέρνεῖ
508 1212 891 1285 ἐκπληρῶσαι·
932 1207 1054 1284 ἅμα
1091 1210 1152 1268 δὲ
1182 1210 1363 1280 ἐπίεζέ
1397 1236 1495 1286 μιν
1526 1209 1564 1284 ἦ
1595 1210 1813 1285 δαπάνη

191 1300 298 1372 τῆς
329 1299 607 1374 στρατιῆς
638 1296 1032 1373 Επαιτεομένη,
1063 1296 1307 1373 α’ρριόδεέ
1338 1322 1402 1356 τε
1432 1299 1533 1356 τοῦ
1566 1302 1813 1374 στρατοῦ

192 1384 516 1461 πρήξαντος
570 1388 749 1447 κακῶς
807 1385 900 1443 καὶ
961 1383 1285 1466 Μεγαβάτῃ
1338 1384 1808 1462 διαβεβλημένος·

195 1471 387 1531 ε’ὃόκεέ
409 1497 475 1531 τε
493 1471 599 1547 τήν
615 1472 932 1548 βασιληΐην
949 1475 1052 1547 τῆς
1078 1471 1342 1548 Μιλήτου
1367 1471 1809 1548 α’παιρήσεσθαι·

193 1558 489 1636 ἀρρωδέων
521 1559 582 1618 δὲ
613 1559 822 1619 τούτων
855 1560 1068 1618 ἕκαστα
1101 1559 1437 1636 ἐβουλεύετο
1468 1557 1810 1621 α’πόστασιν·

192 1647 512 1707 συνέπιπτε
560 1646 671 1729 γοῖρ
725 1648 817 1706 καὶ
868 1647 968 1706 τὸν
1022 1648 1352 1726 ἐστιγμένον
1403 1647 1507 1724 τὴν
1554 1648 1811 1723 κεφαλὴν

191 1734 442 1813 ἀπῖχθαι
495 1739 556 1794 ἐκ
612 1736 870 1798 Σουσέων
923 1735 1079 1812 παρσῖ
1125 1735 1412 1804 Ἱστιαίου,
1461 1735 1810 1810 σημαίνοντα

194 1822 560 1892 ἀπίστασθαι
588 1823 968 1904 Ἀρισταγόρῃ
1007 1823 1122 1882 ἀπὸ
1155 1822 1452 1898 βασιλέος·
1494 1821 1526 1880 ὅ
1554 1819 1665 1902 γαῖρ
1692 1822 1809 1882 Ἱσ-

192 1915 392 1980 τιαῖος,
435 1910 790 1988 βουλόμενος
831 1915 908 1989 τῷ
949 1908 1333 1989 Ἀρισταγόρῃ
1375 1913 1629 1986 σημῆναι
1671 1909 1808 1968 ἀπο-

193 2002 427 2073 στῆναι,
447 1998 638 2062 αλλως
662 2002 766 2076 μὲν
788 1998 1040 2076 οὐδαμῶς
1068 1998 1184 2076 εἶχε
1209 1996 1515 2072 ἀσφαλέως
1540 2000 1808 2075 σημῇναι,

195 2085 348 2146 ὥστε
392 2088 880 2164 φυλασσομενέων
919 2091 1030 2146 τῶν
1070 2086 1229 2146 ὁδῶν·
1272 2084 1303 2145 ὁ
1348 2086 1407 2145 δὲ
1448 2088 1560 2146 τῶν
1594 2086 1806 2147 δούλων

193 2174 297 2234 τὸν
323 2175 673 2235 πιστότατον
694 2173 1058 2251 ἀποξυρήσας
1082 2172 1187 2249 τήν
1207 2173 1464 2250 κεφαλὴν
1490 2175 1688 2248 ἔστιξε,
1713 2175 1807 2234 καὶ

194 2261 452 2339 οἷνέμεινε
489 2261 770 2339 ἀναφῦναι
798 2288 900 2325 τας
931 2262 1147 2341 τρίχας·
1191 2288 1262 2326 ως
1294 2262 1354 2320 δὲ
1387 2260 1679 2338 ανέφυσαν
1710 2262 1806 2323 τά·

193 2376 393 2429 χιστα,
448 2350 747 2427 α’πέπεμπε
801 2355 855 2413 ἐς
908 2351 1173 2425 Μίλητον
1226 2349 1609 2427 ἐντειλάμενος
1660 2351 1807 2431 αὐτῷ

194 2437 350 2497 ἄλλο
377 2440 486 2515 μὲν
517 2436 691 2508 οὐδὲν,
721 2437 889 2498 ε’πεαῖν
925 2439 986 2497 δὲ
1020 2436 1287 2513 ἀπίκηται
1324 2442 1379 2501 ε’ς
1415 2438 1692 2514 Μίλητον,
1720 2465 1806 2498 κε-

194 2525 383 2586 λεύειν
405 2525 823 2606 Ἀρισταγόρην
859 2525 1176 2603 ξυρήσαντά
1200 2551 1299 2602 μιν
1323 2526 1423 2589 τὰς
1446 2527 1643 2605 τρίχας
1677 2553 1803 2587 κατ-

196 2613 421 2674 ιδέσθαι
459 2620 516 2678 ἐς
537 2614 644 2690 τὴν
680 2614 954 2690 κεφαλήν·
994 2613 1068 2674 τὰ
1099 2613 1159 2673 δὲ
1193 2615 1482 2693 στίγματα
1518 2613 1803 2690 ἐσήμαινε,

196 2701 275 2764 ὥς
305 2702 396 2761 καὶ
431 2700 708 2779 πρότερόν
735 2725 834 2777 μοι
872 2702 1100 2778 εἴρηται,
1129 2700 1471 2761 ἀπόστασιν.
1538 2706 1713 2762 ταῦτα
1746 2703 1805 2762 δὲ

196 2788 231 2850 ὅ
272 2788 540 2853 Ἱστιαῖος
586 2787 784 2859 ἐποίεε,
827 2789 1133 2902 συμφορήν
1180 2787 1505 2865 ποιεύμενος
1549 2789 1806 2869 μεγάλην

195 2903 304 2953 την
343 2880 548 2937 emm-0⁴8
591 2900 836 2955 κατοχην
873 2876 977 2952 τήν
1019 2883 1078 2936 ἐν
1120 2876 1413 2940 Σούσοισι·
1456 2876 1806 2939 ἀποστάσιος

199 2963 279 3025 ὧν
307 2967 621 3047 γινομένης,
653 2963 878 3028 πολλοῖς
914 2965 1030 3042 εἶχε
1064 2964 1294 3026 ἐλπίδας
1324 2961 1677 3039 μετήσεσθαι
1714 2962 1805 3018 ἐπὶ

197 3052 527 3116 θάλασσαν·
560 3079 642 3130 μη
627 3052 728 3112 δὲ
754 3052 1015 3130 νεώτερόν
1039 3076 1096 3111 τι
1122 3051 1389 3125 ποιεύσης
1413 3054 1515 3123 τῆς
1540 3045 1804 3118 Μιλήτου

197 3141 420 3221 οὐδαμοὶ
455 3149 511 3207 ἐς
545 3140 722 3217 αὐτὴν
742 3140 898 3216 ἥξειν
930 3142 1010 3200 ἔτι
1042 3140 1347 3218 ἐλογίζετο.
1413 3135 1677 3193 Ιστιαῖος
1698 3130 1804 3205 μέν
1820 3130 1897 3186 36

192 3256 301 3295 νυν
348 3235 528 3293 ταῦτα
583 3227 980 3306 διανοευμενος,
1034 3224 1330 3300 α’πέπεμπε
1381 3222 1481 3279 τόν
1537 3216 1803 3296 ἄγγελον·
