2100 3409
157 69 353 136 8—11]
773 72 1147 124 KAAAlonH.
1669 79 1764 126 285

152 154 316 211 τοῖστ
354 148 718 231 ἀπιγμένοισι
757 151 872 212 ἀπό
905 155 1017 212 τῶν
1058 153 1287 223 πολίων,
1326 155 1520 219 νυκτός
1558 157 1638 217 ἔτι
1679 163 1762 217 ἐκ·

156 240 454 314 πέμπουσι
493 242 982 319 πεντακισχιλίους
1023 238 1426 318 Σπαρτιητέων,
1468 242 1584 324 [καὶ
1626 244 1765 303 ἐπτιὶ

156 326 292 402 περὶ
328 326 568 385 ἕκαστον
597 325 859 396 τάξαντες
888 331 998 387 τῶν
1032 329 1312 412 εἰλώτων,]
1358 332 1658 409 Παυσανίῃ
1687 336 1765 411 τῷ

159 412 582 489 Κλεομβρότου
634 415 1024 492 ἐπιτρέψαντες
1077 416 1311 498 ἐξάγειν.
1392 420 1609 501 ἐγένετο
1660 420 1765 496 μέν

156 524 259 560 νυν
283 499 321 575 ἦ
361 498 631 581 ἡγεμονίη
659 501 1065 581 Πλειστάρχου
1102 508 1203 564 τοῦ
1228 506 1525 566 Λεωνίδεω·
1566 505 1700 566 ἀλλ’
1728 507 1761 567 ὅ

154 589 263 664 μὲν
314 585 387 662 ἦν
438 588 520 646 ἔτι
571 591 718 658 παῖς,
773 587 805 648 ό
852 589 911 648 δὲ
962 590 1163 650 τούτου
1209 593 1510 669 ἐπίτροπός
1557 619 1621 655 τε
1669 596 1761 653 καὶ

154 672 405 753 ἀνεψιός·
448 674 859 751 Κλεόμβροτος
882 702 1009 756 γαρ,
1031 676 1065 736 ό
1089 681 1421 739 Παυσανίεω
1445 683 1548 757 μὲν
1572 707 1760 759 πατηρ

153 759 592 839 Ἀναξανδρίδεω
617 762 677 821 δε
708 767 855 833 παῖς,
886 764 1068 824 ουκέτι
1098 770 1313 844 περιῆν·
1354 766 1509 828 ἀλλά
1545 767 1760 850 α’παγα-

152 875 273 929 γων
326 854 387 909 ἐκ
440 853 541 909 τοῦ
579 848 816 927 Ἰσθμοῦ
853 851 956 927 τὴν
997 854 1269 930 στρατιὴν
1306 881 1411 932 την
1461 855 1527 916 τὰ
1573 860 1762 936 τεῖχος

151 938 448 1012 δείμασαν,
475 962 619 1014 μετα
644 942 820 998 ταῦτα
852 965 916 998 ου
948 942 1170 1000 πολλὸν
1206 942 1413 1019 χρόνον
1442 968 1568 1003 τινα
1594 944 1761 1021 βιους

150 1024 420 1084 ἀπέθανε.
504 1024 713 1106 (ἀπῆγε
737 1026 799 1085 δὲ
827 1027 932 1102 τήν
962 1054 1232 1104 στρατιην
1272 1030 1305 1089 ὅ
1348 1031 1759 1109 Κλεόμβροτος

150 1116 215 1171 ἐκ
242 1115 346 1171 τοῦ
370 1112 608 1189 Ἰσθμοῦ
635 1113 727 1172 διὰ
749 1113 897 1173 τόδε·
939 1115 1187 1193 θυομένῳ
1214 1120 1266 1175 οῖ
1309 1119 1402 1176 ἐπὶ
1430 1123 1508 1197 τῷ
1537 1120 1756 1198 Πέρσῃ,

147 1226 183 1259 ο
211 1197 379 1275 ἥλιος
411 1199 768 1277 ἅμαυρωθη’
742 1226 801 1260 εν
824 1204 903 1279 τῷ
917 1199 1191 1308 οὐρανῷ.)
1271 1207 1666 1280 προσαιρέεται
1698 1207 1758 1264 δὲ

146 1290 339 1366 ἑωυτῷ
379 1289 706 1364 Παυσανίης
743 1287 1108 1365 Εὐρυάνακτα
1148 1316 1250 1350 τον
1291 1292 1546 1368 Δωριέος,
1587 1291 1760 1370 ἄνδρα

147 1376 332 1450 οἰκίης
361 1373 524 1435 ἐόντα
553 1379 655 1451 τῆς
693 1375 880 1452 αὐτῆς.
965 1380 1039 1436 Οἱ
1077 1380 1182 1453 μὲν
1213 1376 1281 1454 δή
1318 1379 1425 1440 σῦν
1461 1382 1758 1460 Παυσανίῃ
1779 1383 1847 1441 ll

147 1462 572 1538 ἐξεληλύθεσαν
631 1463 732 1533 ἔξω
794 1463 1073 1541 Σπάρτης·
1157 1491 1211 1525 οι
1262 1467 1321 1526 δὲ
1375 1465 1624 1549 ἄγγελοι,
1689 1496 1761 1533 ως

144 1548 337 1627 ἡμέρη
363 1549 630 1631 ἐγεγόνεε,
660 1551 816 1611 ουδὲν
843 1551 1045 1616 εἰδότες
1070 1553 1198 1630 περὶ
1227 1557 1329 1630 τῆς
1365 1555 1557 1623 ἐξόδου
1584 1560 1758 1632 ἐπῆλ·

147 1639 313 1699 θον’
286 1639 377 1697 επὶ
402 1662 532 1702 τους
559 1639 859 1716 ἐφόρους,’
833 1665 891 1698 εν
909 1640 1016 1718 νόω
1044 1639 1113 1715 δη
1142 1642 1361 1720 ἔχοντες
1386 1641 1758 1702 ἀπαλλάσσε-

146 1728 295 1786 σθαι
321 1728 412 1785 καὶ
444 1725 603 1787 αυτοὶ
636 1728 727 1785 ἐπὶ
760 1727 866 1802 τήν
902 1730 1162 1787 {mvi-‘0²3⁰
1137 1753 1390 1791 εκαστος·
1433 1729 1760 1794 ἐπελθόντες

146 1814 213 1873 δὲ
250 1816 448 1895 ἔλεγον
480 1813 631 1874 τάδε·
676 1815 835 1892 ὑμεῖς
867 1840 987 1905 μεν,
1025 1813 1069 1874 ὦ
1101 1815 1544 1901 Λακεδαιμόνιοι,
1588 1815 1758 1875 αυτοῦ

146 1902 290 1983 τῇδε
312 1904 573 1981 μένοντες
596 1903 883 1963 Υακίνθιά
907 1926 970 1961 τε
1000 1901 1166 1983 ἄγετε
1198 1905 1289 1961 καὶ
1330 1905 1552 1974 παίζετε
1594 1930 1757 1963 κατα-

146 1991 455 2069 προδόντες
478 2017 607 2055 τους
632 1989 983 2069 συμμάχους·
1022 1989 1311 2066 Ἀθηναῖοι
1341 1991 1434 2059 δὲ,
1439 1991 1518 2053 ὥς
1547 1990 1756 2050 ἀδικεό-

149 2105 312 2158 μενοι
347 2079 457 2139 ὖπό
486 2079 681 2156 ὖμέων,
717 2078 851 2159 χήτι
887 2078 1201 2158 συμμάχων
1233 2077 1645 2139 καταλύσονται
1682 2082 1760 2158 τῷ

151 2171 359 2248 Πέρσῃ
400 2195 545 2228 ουτω
583 2194 721 2232 οκως
760 2194 828 2227 αν
867 2167 1147 2228 δύνωνται·
1191 2167 1639 2245 καταλυσάμενοι
1680 2168 1754 2239 δε,

152 2257 304 2335 δῆλα
328 2283 443 2338 γαρ
478 2256 617 2333 δῆ”
586 2282 671 2318 οτι
703 2257 999 2336 σύμμαχοι
1029 2257 1311 2333 βασιλέος
1343 2256 1755 2339 γινόμεθα,συ-

153 2345 674 2423 στρατευσόμεθα’
648 2346 740 2404 επὶ
763 2370 869 2420 την
895 2343 963 2405 ἂν
989 2349 1187 2405 ἐκεῖνοι
1215 2345 1561 2426 ἐξηγέωνται·
1603 2344 1761 2421 υμεῖς

151 2434 212 2493 δὲ
237 2434 306 2493 τό
334 2434 585 2494 ἐνθεῦτεν
602 2433 994 2511 μαθήσεσθε“
963 2436 1150 2492 οκοῖον
1171 2458 1239 2491 αν
1261 2458 1318 2491 τι
1342 2432 1474 2508 υμῖν
1501 2432 1565 2501 ἐξ
1588 2432 1780 2492 αυτοῦ·

152 2520 444 2601 ἐκβαίνῃ.”
524 2525 699 2582 ταῦτα
729 2520 1006 2602 λεγόντων
1039 2523 1152 2578 τῶν
1181 2517 1452 2599 ἀγγέλων,
1482 2521 1535 2577 οἱ
1562 2520 1759 2595 ἔφοροι

155 2609 318 2669 εἶπαν
358 2609 443 2669 ἐπ’
483 2610 667 2686 ὅρκου,
701 2610 794 2668 καὶ
835 2608 902 2684 δὴ
945 2607 1151 2667 δοκέειν
1192 2606 1330 2665 εἶναι
1371 2611 1428 2666 ἐν
1457 2604 1760 2687 Ὀρεστείῳ

158 2699 486 2778 στείχοντας
526 2698 617 2757 ἐπὶ
655 2698 785 2761 τούς
825 2696 1048 2765 ξείνους·
1104 2693 1338 2774 (ξείνους
1375 2693 1487 2774 γὰρ
1528 2692 1760 2754 ἐκάλεον

157 2786 282 2851 τούς
307 2784 686 2864 βαρβάρους·)
729 2789 782 2845 οἶ
810 2785 869 2844 δὲ
896 2784 967 2846 ὥς
994 2782 1095 2843 οὐκ
1124 2781 1325 2846 εἰδότες
1350 2781 1674 2859 ἐπειρώτεον
1693 2782 1759 2842 τὰ

157 2876 483 2955 λεγομενον,
537 2879 880 2950 ἐπειρομενοι
933 2872 992 2930 δε
1047 2871 1316 2946 ἐξέμαθον
1367 2873 1480 2930 πᾶν
1529 2869 1595 2929 τό
1649 2870 1758 2928 ἐόν·

156 2961 305 3023 ὥστε
334 2968 391 3023 ἐν
419 2962 634 3039 θωματι
658 2961 960 3042 γενόμενοι,
990 2956 1315 3035 ἐπορεύοντο
1350 2957 1457 3033 τήν
1486 2957 1760 3032 ταχίστην

156 3049 466 3112 διώκοντες·
549 3074 656 3108 συν
708 3049 770 3108 δέ
820 3053 948 3121 σφι,
1000 3049 1113 3104 τῶν
1165 3046 1452 3121 περιοίκων
1498 3041 1763 3100 Λακεδαι-

154 3139 365 3218 μονίων
400 3135 639 3220 λογάδες
670 3132 1121 3211 πεντακισχίλιοι
1146 3130 1375 3191 ὁπλῖται
1392 3125 1567 3189 τωυτὸ
1595 3129 1762 3185 τοῦτο

159 3224 400 3286 ἐποίεον.
