2100 3409
790 357 1549 457 ·ἩΡοΔΟΤΟΥ

607 515 1159 592 .ἹΣΤΟΡΙὨΝ
1229 521 1705 589 ΠΕΜΠΤΗ.

1080 665 1282 692 ——0—

947 776 1421 833 ΤΕΡΨῙΧΟΡΗ.

405 864 490 919 ΟῙ
518 858 582 918 δὲ
607 863 666 918 ἐν
689 862 762 936 τῇ
787 856 1030 937 Εὐρώπῃ
1049 862 1160 918 τῶν
1182 860 1452 937 Περσέων
1473 860 1939 936 καταλειφθέντες
1967 858 1997 918 1

322 946 435 1007 ὖπὸ
469 947 714 1023 Δαρείου
744 950 856 1005 τῶν
892 945 924 1006 ὁ
958 948 1308 1027 Μεγάβαζος
1343 947 1502 1028 ἦρχε,
1542 947 1796 1025 πρώτους
1828 949 1933 1024 μὲν

323 1033 657 1112 Περινθίους
669 1033 1136 1110 Ἑλλησποντίων
1163 1033 1228 1095 οὗ
1246 1038 1631 1113 βουλομένους
1655 1035 1933 1112 ὑπηκόους

326 1123 467 1183 εἶναι
488 1123 728 1198 Δαρείου
752 1124 1221 1204 κατεστρέψαντο,
1238 1126 1640 1202 περιεφθέντας
1658 1123 1934 1201 πρότερον

325 1213 418 1270 καὶ
436 1210 551 1270 ιῗπό
574 1210 832 1271 Παιόνων
848 1213 1113 1290 τρηχέως.
1169 1216 1223 1271 οἳ
1247 1212 1359 1293 γοῖρ
1382 1212 1457 1272 ὧν
1477 1213 1589 1272 ‹in-6
1612 1211 1933 1291 Στρυμόνος

324 1301 583 1370 Παίονες,
610 1300 931 1378 χρήσαντος
960 1305 1062 1359 τοῦ
1098 1301 1230 1361 θεοῦ
1262 1300 1668 1379 στρατεύεσθαι
1695 1301 1788 1360 ἐπὶ
1820 1305 1931 1359 Πε-

320 1389 584 1465 ρινθίους,
617 1389 709 1446 καὶ
723 1406 729 1412 ’
743 1386 814 1463 ἦν
844 1390 948 1464 μὲν
983 1388 1455 1465 ἀντικατιζόμενοι
1487 1388 1936 1449 ἐπικαλέσωνταί

324 1482 513 1550 σφεας
539 1478 594 1535 οἱ
627 1477 916 1554 Περίνθιοι
952 1475 1230 1553 ὀνομαστὶ
1256 1478 1548 1554 βώσαντες
1573 1478 1703 1542 τοῦς
1729 1477 1789 1537 δὲ
1815 1482 1930 1536 ἐπι-

319 1566 573 1643 χειρέειν,
620 1563 689 1640 ἢν
742 1564 803 1622 δὲ
854 1565 934 1641 μή
990 1565 1381 1642 ἐπιβώσωνται
1440 1566 1521 1643 μὴ
1582 1566 1926 1646 ἐπιχειρέειν,

323 1654 543 1713 ἐποίευν
584 1655 637 1712 οἱ
679 1653 918 1716 Παίονες
956 1657 1151 1713 ταῦτα·
1195 1653 1692 1731 ἀντικατιζομένων
1705 1653 1782 1711 ’δὲ
1820 1656 1931 1712 τῶν

322 1741 634 1818 Περινθίων
676 1745 735 1798 ἐν
780 1744 857 1819 τῷ
901 1741 1246 1821 προαστηΐῳ,
1290 1743 1527 1802 ἐνθαῦτα
1571 1741 1928 1820 μουνομαχίη

318 1830 600 1904 τριφασίη
628 1832 687 1886 ἐκ
714 1827 1064 1905 προκλήσιός
1090 1835 1203 1903 σφι
1231 1831 1466 1908 ἐγένετο·
1501 1829 1593 1886 καὶ
1616 1828 1727 1909 γὰρ
1756 1827 1929 1904 ἄνδρα
1979 1901 1986 1914 .

321 1914 495 1992 ἆνὸρὶ,
542 1917 636 1975 καὶ
681 1916 854 1975 ἵππον
898 1916 1047 1998 ἵππῳ
1094 1916 1433 1991 συνέβαλον,
1479 1916 1570 1974 καὶ
1614 1914 1750 1974 κύνα
1791 1916 1928 1975 κυνί·
1979 1953 1986 1966 ι

320 2004 591 2065 νικώντων
628 2004 689 2063 δὲ
729 2004 801 2063 τὰ
844 2004 940 2063 δύο
981 2008 1093 2065 τῶν
1131 2004 1457 2082 Περινθίων,
1492 2003 1563 2066 ὥς
1607 2002 1928 2075 ἐπαιώνιζον
1977 2025 1984 2030 ·

323 2093 707 2170 κεχαρηκότες,
729 2093 1120 2168 συνεβάλοντο
1141 2095 1194 2152 οἱ
1222 2094 1460 2155 Παίονες
1485 2092 1552 2152 τό
1580 2091 1928 2172 χρηστήριον

322 2179 457 2240 αὐτὰ
482 2184 650 2240 τοῦτο
680 2180 835 2239 εἶναι·
870 2180 961 2237 καὶ
990 2179 1153 2240 εἶπάν
1173 2206 1272 2239 κου
1297 2180 1450 2256 παρὰ
1477 2181 1654 2255 σφίσι
1681 2179 1923 2239 αὐτοῖσι·

323 2275 360 2303 “
376 2273 473 2329 νῦν
521 2267 590 2329 ἂν
635 2269 719 2344 εἴη
767 2268 798 2327 ὁ
845 2268 1107 2345 χρησμός
1155 2267 1574 2345 ἐπιτελεόμενος
1622 2267 1777 2345 ἡμῖν·
1831 2272 1928 2327 νῦν

321 2355 593 2434 ἡμέτερον
619 2355 685 2415 τό
714 2349 924 2436 ἔργονγ
966 2355 1108 2414 οὕτω
1138 2360 1290 2415 τοῖσι
1324 2356 1677 2432 Περινθίοισι
1702 2356 1925 2415 παιωνί-

322 2468 465 2503 σασι
503 2445 879 2522 ἐπιχειρέουσι
919 2446 972 2501 οἶ
1013 2444 1271 2513 Παίονες,
1306 2444 1397 2501 καὶ
1434 2447 1633 2521 πολλῷ
1668 2468 1729 2502 τε
1772 2442 1925 2520 ἐκρό-

321 2557 502 2607 τησαν
542 2532 635 2590 καὶ
673 2531 867 2591 ἔλιπόν
899 2538 1093 2606 σφεων
1122 2530 1365 2612 ὀλίγους.
1449 2530 1534 2589 Τὰ
1567 2533 1672 2608 μὲν
1712 2529 1781 2607 δή
1816 2530 1929 2590 ἀπὸ

323 2620 582 2681 Παιόνων
627 2619 901 2697 πρότερον
941 2618 1217 2700 γενόμενα
1264 2616 1368 2677 ὦδε
1413 2620 1651 2700 ἐγένετο·
1699 2619 1827 2679 τότε
1868 2619 1928 2676 δὲ

321 2707 533 2786 α’νδρῶν
569 2708 795 2789 ἀγαθῶν
831 2707 960 2784 περὶ
995 2710 1097 2781 τῆς
1134 2706 1448 2784 ἐλευθερίης
1480 2708 1782 2787 γινομένων
1815 2710 1926 2764 τῶν

321 2797 647 2873 Περινθίων,
677 2798 730 2854 οἱ
767 2796 992 2871 Πέρσαι
1027 2821 1090 2855 τε
1128 2795 1221 2854 καὶ
1253 2795 1285 2855 ὅ
1323 2795 1669 2874 Μεγάβαζος
1698 2793 1924 2869 ἐπεκρά-

319 2910 502 2959 τησαν
534 2883 761 2959 πλήθεϊ.
832 2882 903 2945 ὥς
934 2883 994 2942 δὲ
1032 2882 1298 2961 ἐχειρώθη
1329 2880 1367 2957 ἤ
1400 2867 1689 2956 Πέρινθος,
1717 2879 1926 2953 ἤλαυνε

318 2971 415 3030 τᾶν
450 2972 698 3047 στρατὸν
735 2970 768 3030 ὅ
808 2970 1159 3050 Μεγάβαζος
1190 2967 1280 3026 διὰ
1311 2971 1412 3041 τῆς
1445 2965 1703 3040 Θρηΐκης,
1730 2967 1925 3019 πᾶσαν

318 3059 491 3118 πόλιν
508 3061 601 3117 καὶ
617 3064 733 3119 πᾶν
751 3059 906 3120 ἔθνος
922 3061 1034 3116 τῶν
1047 3056 1221 3132 ταύτῃ
1238 3052 1537 3127 οἰκημένων
1551 3045 1924 3121 ἡμερούμενος

320 3146 582 3221 βασιλέϊ·
623 3151 801 3210 ταῦτα
830 3144 941 3225 γάρ
974 3145 1026 3200 οἶ
1066 3141 1362 3200 ἐντέταλτο
1395 3141 1455 3193 ἐκ
1489 3130 1743 3203 Δαρείου,
1777 3132 1923 3198 Θρη-

321 3233 447 3310 bapt
476 3232 992 3311 καταστρέφεσθαι.
1966 3235 1978 3259 ”
