2100 3409
235 51 449 117 anm]
854 55 1259 110 τΕΡΨῙΧοΡΗ.
1783 56 1847 103 45

238 129 440 207 ὁρτὴν,
471 128 642 206 ἤϊσαν
686 129 882 211 κόσμῳ
923 138 1000 211 τῷ
1041 138 1331 212 καλλίστω
1372 136 1696 212 χρεώμεναι·
1729 131 1763 193 ὅ
1802 132 1851 192 δ’

237 217 590 294 ὑποστήσας
611 219 743 283 τούς
768 219 1125 298 δορυφόρους,
1154 219 1400 279 οἶπέδυσέ
1439 227 1624 295 σφεας
1663 219 1852 284 πάσας

243 306 456 384 ὁμοίως
484 306 587 369 τοῖς
625 307 674 368 τ’
704 309 995 385 ἐλευθέρας
1036 310 1128 367 καὶ
1159 308 1258 370 τὰς
1287 307 1664 385 ἀμφιπόλους·
1708 333 1849 385 συμ-

245 395 515 472 φορήσας
543 395 602 454 δὲ
630 400 685 458 ἐς
712 393 944 476 ὄρυγμα,
974 398 1250 474 Μελίσσῃ
1291 394 1659 474 ἐπευχόμενος
1695 396 1849 454 κατέ-

247 509 391 540 καιε·
431 486 609 542 ταῦτα
635 482 699 542 δέ
723 486 777 542 οἱ
801 482 1102 558 ποιήσαντι
1124 484 1216 542 καὶ
1235 483 1299 543 r&
1328 483 1578 559 δεύτερον
1597 484 1851 559 πέμψαν-

243 595 302 629 τι
305 571 562 677 a&iqua-<re
593 596 660 629 το
699 570 924 630 εἴδωλον
949 597 1015 631 το
1045 572 1401 647 Μελίσσης’
1377 595 1430 633 ες
1455 569 1554 631 τὸν
1581 571 1850 645 κατέθηκε

243 684 434 736 χωρον
458 661 562 716 τοῦ
590 657 769 727 ξείνου
794 657 899 732 τὴν
923 658 1411 735 παρακαταθήκην.
1494 662 1715 718 τοιοῦτο
1744 660 1850 734 μέν

246 750 379 804 ἐστι
407 743 539 821 ὑμῖν
564 772 603 820 η
629 746 896 821 τυραννὶς,
924 745 966 804 ὦ
992 745 1438 823 Λακεδαιμόνιοι,
1469 746 1560 808 καὶ
1585 745 1848 806 τοιούτων

245 833 443 912 ἔργων.
534 832 711 909 ἡμέας
736 833 794 891 δὲ
812 859 940 895 τους
958 834 1286 911 Κορινθίους
1312 833 1438 893 τότε
1467 833 1662 893 αὐτίκα
1690 833 1850 909 θῶμα

241 922 400 999 μέγα
426 919 561 997 εἶχε,
587 919 680 980 ὅτε
716 920 886 997 υμέας
924 921 1139 998 εἴδομεν
1181 920 1710 998 μεταπεμπομένους
1733 920 1844 981 Ιπ-

243 1008 403 1082 πίην·
446 1012 544 1067 νῦν
582 1034 646 1067 τε
688 1008 756 1083 δη
800 1010 892 1067 καὶ
932 1009 1170 1084 μεζόνως
1211 1008 1535 1085 θωμάζομεν
1576 1009 1847 1088 λέγοντας

244 1099 447 1153 ταῦτα·
478 1086 962 1173 επιμαρτυρόμεθά
987 1122 1064 1165 τε,
1088 1089 1505 1173 ἐπικαλεόμενοι
1533 1122 1663 1173 υμιν
1689 1096 1848 1160 θεους

242 1207 381 1245 τους
411 1183 760 1259 Ελληνίους,
801 1184 881 1260 μή
927 1184 1253 1243 κατιστάναι
1293 1183 1612 1257 τυραννίδας
1653 1187 1709 1244 ἐς
1747 1209 1849 1247 τας

244 1269 435 1333 πόλις·
479 1270 654 1330 οὔκων
689 1271 980 1331 παύσεσθε
1022 1269 1175 1331 αλλα
1216 1269 1556 1347 πειρήσεσθε
1587 1296 1740 1346 παρα
1779 1297 1845 1330 το

248 1357 464 1418 δίκαιον
490 1358 821 1439 κατάγοντες
844 1358 1139 1434 Ιππίην,”
1115 1384 1238 1419 ιστε
1271 1357 1400 1433 υμῖν
1426 1358 1755 1432 Κορινθίους
1779 1385 1846 1440 γε

250 1443 320 1504 οὗ
358 1444 778 1507 συναινέονταςῖ

334 1531 656 1607 Σωσικλέης
693 1535 796 1608 μὲν
834 1532 950 1592 α’,πυ
996 1533 1276 1609 Κορίνθου
1319 1533 1649 1609 πρεσβεύων
1692 1534 1845 1603 ἔλεξε
1862 1536 1938 1592 93

246 1618 400 1680 τάδε.
483 1619 703 1695 Ἱππίης
730 1620 787 1679 δὲ
813 1618 981 1680 αὖτον
1012 1619 1297 1696 ἀμείβετο,
1325 1646 1452 1682 τους
1494 1619 1690 1682 αυτοῦς
1731 1625 1843 1679 ἐπι-

248 1707 499 1770 καλέσας
541 1706 698 1769 θεους
746 1707 914 1785 κείνω,
963 1706 999 1782 ἦ
1046 1732 1160 1783 μην
1210 1707 1539 1784 Κορινθίους
1581 1706 1840 1784 μάλιστα

247 1794 469 1855 πάντων
499 1794 861 1870 ἐπιποθήσειν
888 1794 1371 1870 Πεισιστρατίδας,
1405 1793 1536 1853 ὅταν
1563 1800 1676 1868 σφι
1707 1793 1841 1869 ἥκω-

249 1909 317 1942 σι
342 1881 549 1960 ἤμέραι
588 1885 647 1941 αἱ
674 1882 862 1960 κύριαι
903 1882 1170 1942 ἀνιᾶσθαι
1207 1878 1297 1939 ὕπ’
1325 1879 1652 1956 Ἀθηναίων.
1732 1880 1842 1939 Ἱπ-

246 1972 377 2048 πίης
404 1973 512 2048 μὲν
544 1969 795 2030 τούτοισι
834 1970 1127 2048 ἀμείψατο,
1166 1968 1255 2028 οἷό.
1289 1994 1350 2029 τε
1389 1967 1516 2031 τοῦς
1550 1968 1845 2046 χρησμούς

246 2057 629 2136 ἀτρεκέστατα
648 2058 856 2134 ἀνδρῶν
875 2058 1317 2134 ἐξεπιστάμενος·
1358 2060 1411 2117 οἱ
1438 2057 1495 2115 δὲ
1509 2056 1712 2116 λοιποὶ
1735 2060 1844 2118 τῶν

246 2145 564 2224 συμμάχων
594 2145 727 2207 τέως
765 2148 868 2221 μὲν
909 2145 1060 2225 εἶχον
1091 2150 1147 2205 ἐν
1174 2144 1381 2223 ἡσυχίῃ
1413 2145 1596 2219 σφέας
1624 2143 1839 2208 αὐτούς·

245 2234 370 2293 ε’πεί
405 2259 470 2292 τε
505 2234 564 2292 δὲ
591 2233 908 2296 Σωσικλέος
942 2233 1192 2309 ἥκουσαν
1237 2233 1485 2295 εἴπαντος
1526 2232 1839 2309 ἐλευθέρως,

242 2320 392 2385 ἅπας
417 2348 501 2385 τις
527 2321 707 2382 αὐτῶν
735 2321 926 2398 φωνήν
951 2322 1137 2400 ῥήξας,
1166 2323 1378 2398 αἱρέετο
1413 2325 1513 2380 τοῦ
1541 2321 1841 2396 Κορινθίου

238 2410 346 2485 τήν
371 2408 616 2490 γνώμην·
644 2409 1138 2486 Λακεδαιμονίοισί
1159 2434 1219 2468 τε
1248 2409 1731 2484 ἐπεμαρτυρέοντο,
1758 2407 1839 2483 μή

238 2497 451 2557 ποιέειν
481 2497 654 2574 μηδὲν
688 2497 951 2572 νεώτερον
984 2497 1113 2574 περὶ
1152 2496 1321 2556 πόλιν
1345 2494 1615 2554 Ἑλλάδα.
1698 2493 1839 2553 οὕτω

235 2588 345 2662 μὲν
372 2589 548 2645 ταῦτα
576 2585 854 2660 ἐπαυσθη.

318 2673 514 2750 Ἱππίῃ
553 2673 613 2731 δὲ
654 2673 902 2732 ἐνθεῦτεν
941 2670 1372 2747 ἀπελαυνομένῳ
1414 2668 1592 2727 ἐδίδου
1617 2671 1720 2744 μὲν
1745 2668 1837 2727 Ἀ·
1856 2671 1932 2726 94

231 2762 447 2838 μύντης
490 2760 522 2819 ὅ
560 2759 832 2819 Μακεδών
866 2758 1257 2866 Ἀνθεμοῦντα,
1298 2756 1552 2815 ε’δῶοσαν
1594 2756 1652 2813 δὲ
1694 2762 1837 2813 Θεσ-
1877 2783 1890 2802 ·

231 2848 414 2908 σαλοὶ
452 2847 700 2907 Ἰωλκόν.
785 2845 817 2905 ό
853 2846 911 2904 δὲ
951 2844 1157 2905 τούτων
1184 2869 1288 2920 μεν
1317 2842 1574 2918 ουδέτερα
1605 2843 1835 2916 αἱρέετο,

230 2935 509 3014 ἀνεχώρεε
537 2934 655 2993 δὲ’
623 2935 806 2994 οπίσω
835 2939 887 2996 ἐς
917 2935 1151 3012 Σίγειον,
1181 2957 1246 2990 το
1283 2930 1397 2988 εἷλε
1425 2930 1835 3003 Πεισίστρατος

228 3027 414 3101 αἰχμῇ
435 3048 590 3098 παρα
612 3021 1024 3095 Μυτιληναίων·
1070 3017 1354 3095 κρατήσας
1381 3016 1440 3074 δὲ
1469 3013 1653 3078 αυτοῦ,
1684 3010 1834 3065 κατέ-

226 3136 419 3185 στησε
443 3110 712 3186 τύραννον
741 3108 877 3167 εἶναι
914 3106 1087 3164 παῖδα
1112 3105 1210 3164 τόν
1238 3105 1438 3161 εωυτοῧ
1467 3098 1630 3157 νόθον
1661 3094 1833 3168 Ἡγη-

26 3215 55 3376 ὶ
225 3198 562 3273 σίστρατον,
597 3194 872 3276 γεγονότα
916 3193 978 3262 ἐξ
1019 3190 1277 3270 Ἀργείης
1316 3180 1589 3264 γυναικός·
1632 3177 1692 3237 ὃς
1734 3175 1833 3233 οὔκ
