<?xml version="1.0" encoding="UTF-8"?>
<!DOCTYPE html PUBLIC "-//W3C//DTD XHTML 1.0 Transitional//EN"
    "http://www.w3.org/TR/xhtml1/DTD/xhtml1-transitional.dtd">
<html xmlns="http://www.w3.org/1999/xhtml" xml:lang="en" lang="en">
 <head>
  <title>
</title>
<meta http-equiv="Content-Type" content="text/html;charset=utf-8" />
  <meta name='ocr-system' content='tesseract 3.04.00' />
  <meta name='ocr-capabilities' content='ocr_page ocr_carea ocr_par ocr_line ocrx_word'/>
</head>
<body>
  <div class='ocr_page' id='page_1' title='image "./herodotus00unkngoog/herodotus00unkngoog_0236.png"; bbox 0 0 2100 3409; ppageno 0'>
   <div class='ocr_carea' id='block_1_1' title="bbox 190 74 1928 3314">
    <p class='ocr_par' dir='ltr' id='par_1_1' title="bbox 271 74 1928 2250">
     <span class='ocr_line' id='line_1_1' title="bbox 280 74 1863 138; baseline -0.003 -11"><span class='ocrx_word' id='word_1_1' title='bbox 280 79 376 127; x_wconf 83' lang='lat'>202</span> <span class='ocrx_word' id='word_1_2' title='bbox 894 76 1264 125; x_wconf 72' lang='lat' dir='ltr'><strong>‘HPOAOTOT</strong></span> <span class='ocrx_word' id='word_1_3' title='bbox 1713 74 1863 138; x_wconf 76' lang='lat' dir='ltr'><strong>[VH.</strong></span> 
     </span>
     <span class='ocr_line' id='line_1_2' title="bbox 272 153 1871 235; baseline -0.001 -19"><span class='ocrx_word' id='word_1_4' title='bbox 272 155 609 233; x_wconf 82' lang='grc' dir='ltr'>Λαφυστίου</span> <span class='ocrx_word' id='word_1_5' title='bbox 629 153 785 219; x_wconf 88' lang='grc' dir='ltr'>Διός·</span> <span class='ocrx_word' id='word_1_6' title='bbox 826 153 899 219; x_wconf 75' lang='grc' dir='ltr'>ὥς</span> <span class='ocrx_word' id='word_1_7' title='bbox 914 155 1169 233; x_wconf 81' lang='grc' dir='ltr'>Ἀθάμας</span> <span class='ocrx_word' id='word_1_8' title='bbox 1186 156 1220 216; x_wconf 78' lang='grc' dir='ltr'>ὅ</span> <span class='ocrx_word' id='word_1_9' title='bbox 1240 155 1456 217; x_wconf 77' lang='grc' dir='ltr'><strong>Αἰόλου</strong></span> <span class='ocrx_word' id='word_1_10' title='bbox 1477 154 1871 235; x_wconf 87' lang='grc' dir='ltr'>ἐμηχανήσατο</span> 
     </span>
     <span class='ocr_line' id='line_1_3' title="bbox 274 241 1869 323; baseline -0.002 -19"><span class='ocrx_word' id='word_1_11' title='bbox 274 245 455 323; x_wconf 74' lang='grc' dir='ltr'>Φρίξῳ</span> <span class='ocrx_word' id='word_1_12' title='bbox 504 243 696 320; x_wconf 87' lang='grc' dir='ltr'>μόρον,</span> <span class='ocrx_word' id='word_1_13' title='bbox 741 242 849 304; x_wconf 72' lang='grc' dir='ltr'>σῦν</span> <span class='ocrx_word' id='word_1_14' title='bbox 887 241 1025 304; x_wconf 84' lang='grc' dir='ltr'>Ἰνοῖ</span> <span class='ocrx_word' id='word_1_15' title='bbox 1061 243 1405 321; x_wconf 76' lang='grc' dir='ltr'>βουλεύσας·</span> <span class='ocrx_word' id='word_1_16' title='bbox 1461 246 1749 321; x_wconf 80' lang='grc' dir='ltr'>μετέπειτα</span> <span class='ocrx_word' id='word_1_17' title='bbox 1785 244 1869 318; x_wconf 79' lang='grc' dir='ltr'>δὲ,</span> 
     </span>
     <span class='ocr_line' id='line_1_4' title="bbox 274 330 1868 411; baseline -0.003 -16"><span class='ocrx_word' id='word_1_18' title='bbox 274 332 346 396; x_wconf 75' lang='grc' dir='ltr'>ὥς</span> <span class='ocrx_word' id='word_1_19' title='bbox 386 338 446 392; x_wconf 90' lang='grc' dir='ltr'>ἐκ</span> <span class='ocrx_word' id='word_1_20' title='bbox 487 333 825 410; x_wconf 82' lang='grc' dir='ltr'>θεοπροπίου</span> <span class='ocrx_word' id='word_1_21' title='bbox 855 330 1079 411; x_wconf 88' lang='grc' dir='ltr'>Ἀχαιοὶ</span> <span class='ocrx_word' id='word_1_22' title='bbox 1118 332 1436 409; x_wconf 82' lang='grc' dir='ltr'>προτιθεῖσι</span> <span class='ocrx_word' id='word_1_23' title='bbox 1474 336 1627 391; x_wconf 79' lang='grc' dir='ltr'>τοῖσι</span> <span class='ocrx_word' id='word_1_24' title='bbox 1667 333 1868 392; x_wconf 87' lang='grc' dir='ltr'>ἐκείνου</span> 
     </span>
     <span class='ocr_line' id='line_1_5' title="bbox 275 417 1866 501; baseline 0.002 -21"><span class='ocrx_word' id='word_1_25' title='bbox 275 420 608 501; x_wconf 73' lang='grc' dir='ltr'>ἀπογόνοισι</span> <span class='ocrx_word' id='word_1_26' title='bbox 647 418 886 483; x_wconf 76' lang='grc' dir='ltr'>ἀέθλους</span> <span class='ocrx_word' id='word_1_27' title='bbox 923 419 1199 479; x_wconf 79' lang='grc' dir='ltr'>τοιούσδε·</span> <span class='ocrx_word' id='word_1_28' title='bbox 1255 419 1317 483; x_wconf 81' lang='grc' dir='ltr'>ὃς</span> <span class='ocrx_word' id='word_1_29' title='bbox 1356 417 1426 479; x_wconf 79' lang='grc' dir='ltr'>ἂν</span> <span class='ocrx_word' id='word_1_30' title='bbox 1464 417 1503 498; x_wconf 82' lang='grc' dir='ltr'>ᾗ</span> <span class='ocrx_word' id='word_1_31' title='bbox 1540 424 1642 479; x_wconf 83' lang='grc' dir='ltr'>τοῦ</span> <span class='ocrx_word' id='word_1_32' title='bbox 1688 420 1866 500; x_wconf 84' lang='grc' dir='ltr'>γένεος</span> 
     </span>
     <span class='ocr_line' id='line_1_6' title="bbox 271 504 1869 588; baseline -0.003 -18"><span class='ocrx_word' id='word_1_33' title='bbox 271 508 472 570; x_wconf 87' lang='grc' dir='ltr'>τούτου</span> <span class='ocrx_word' id='word_1_34' title='bbox 525 504 935 583; x_wconf 85' lang='grc' dir='ltr'>πρεσβύτατος,</span> <span class='ocrx_word' id='word_1_35' title='bbox 981 507 1158 587; x_wconf 77' lang='grc' dir='ltr'>τούτῳ</span> <span class='ocrx_word' id='word_1_36' title='bbox 1214 506 1569 576; x_wconf 77' lang='grc' dir='ltr'>ἐπιτάξαντες</span> <span class='ocrx_word' id='word_1_37' title='bbox 1614 508 1869 588; x_wconf 84' lang='grc' dir='ltr'>ἔργεσθαι</span> 
     </span>
     <span class='ocr_line' id='line_1_7' title="bbox 273 592 1870 673; baseline -0.001 -17"><span class='ocrx_word' id='word_1_38' title='bbox 273 601 373 656; x_wconf 80' lang='grc' dir='ltr'>τοῦ</span> <span class='ocrx_word' id='word_1_39' title='bbox 413 595 763 672; x_wconf 66' lang='grc' dir='ltr'>πρυτανηίου,</span> <span class='ocrx_word' id='word_1_40' title='bbox 811 592 968 655; x_wconf 82' lang='grc' dir='ltr'>αύτοὶ</span> <span class='ocrx_word' id='word_1_41' title='bbox 1004 594 1262 670; x_wconf 76' lang='grc' dir='ltr'>φυλακιὶς</span> <span class='ocrx_word' id='word_1_42' title='bbox 1303 596 1517 673; x_wconf 81' lang='grc' dir='ltr'>ἔχουσι·</span> <span class='ocrx_word' id='word_1_43' title='bbox 1562 596 1773 673; x_wconf 85' lang='grc' dir='ltr'>(λη’ἳτον</span> <span class='ocrx_word' id='word_1_44' title='bbox 1810 595 1870 654; x_wconf 81' lang='grc' dir='ltr'>δὲ</span> 
     </span>
     <span class='ocr_line' id='line_1_8' title="bbox 279 680 1868 763; baseline -0.001 -20"><span class='ocrx_word' id='word_1_45' title='bbox 279 683 548 743; x_wconf 89' lang='grc' dir='ltr'>καλέουσι</span> <span class='ocrx_word' id='word_1_46' title='bbox 579 680 646 743; x_wconf 74' lang='grc' dir='ltr'>τό</span> <span class='ocrx_word' id='word_1_47' title='bbox 683 681 1021 759; x_wconf 82' lang='grc' dir='ltr'>πρυτανήϊον</span> <span class='ocrx_word' id='word_1_48' title='bbox 1054 686 1107 742; x_wconf 80' lang='grc' dir='ltr'>οἶ</span> <span class='ocrx_word' id='word_1_49' title='bbox 1131 682 1398 763; x_wconf 86' lang='grc' dir='ltr'>Ἀχαιοί·)</span> <span class='ocrx_word' id='word_1_50' title='bbox 1439 681 1510 759; x_wconf 83' lang='grc' dir='ltr'>ἢν</span> <span class='ocrx_word' id='word_1_51' title='bbox 1551 684 1609 742; x_wconf 84' lang='grc' dir='ltr'>δὲ</span> <span class='ocrx_word' id='word_1_52' title='bbox 1649 683 1868 762; x_wconf 81' lang='grc' dir='ltr'>ἐσέλθῃ,</span> 
     </span>
     <span class='ocr_line' id='line_1_9' title="bbox 280 768 1875 850; baseline 0 -20"><span class='ocrx_word' id='word_1_53' title='bbox 280 770 380 830; x_wconf 77' lang='grc' dir='ltr'>οὐκ</span> <span class='ocrx_word' id='word_1_54' title='bbox 407 771 529 830; x_wconf 84' lang='grc' dir='ltr'>ἔστι</span> <span class='ocrx_word' id='word_1_55' title='bbox 557 769 693 833; x_wconf 82' lang='grc' dir='ltr'>ὅκως</span> <span class='ocrx_word' id='word_1_56' title='bbox 722 770 893 839; x_wconf 82' lang='grc' dir='ltr'>ἔξεισι</span> <span class='ocrx_word' id='word_1_57' title='bbox 924 771 1058 847; x_wconf 82' lang='grc' dir='ltr'>πρὶν</span> <span class='ocrx_word' id='word_1_58' title='bbox 1082 768 1119 846; x_wconf 85' lang='grc' dir='ltr'>ἦ</span> <span class='ocrx_word' id='word_1_59' title='bbox 1147 770 1424 832; x_wconf 78' lang='grc' dir='ltr'>θύσεσθαι</span> <span class='ocrx_word' id='word_1_60' title='bbox 1448 773 1656 850; x_wconf 83' lang='grc' dir='ltr'>μέλλῃ·</span> <span class='ocrx_word' id='word_1_61' title='bbox 1712 771 1781 834; x_wconf 81' lang='grc' dir='ltr'>ὥς</span> <span class='ocrx_word' id='word_1_62' title='bbox 1810 796 1875 831; x_wconf 88' lang='grc' dir='ltr'>τε</span> 
     </span>
     <span class='ocr_line' id='line_1_10' title="bbox 278 856 1877 936; baseline 0.001 -19"><span class='ocrx_word' id='word_1_63' title='bbox 278 859 358 918; x_wconf 82' lang='grc' dir='ltr'>ἔτι</span> <span class='ocrx_word' id='word_1_64' title='bbox 383 857 525 936; x_wconf 75' lang='grc' dir='ltr'>πρός</span> <span class='ocrx_word' id='word_1_65' title='bbox 555 856 823 927; x_wconf 84' lang='grc' dir='ltr'>τούτοισι,</span> <span class='ocrx_word' id='word_1_66' title='bbox 851 859 1065 918; x_wconf 87' lang='grc' dir='ltr'>πολλοὶ</span> <span class='ocrx_word' id='word_1_67' title='bbox 1104 858 1212 934; x_wconf 85' lang='grc' dir='ltr'>ἤδη</span> <span class='ocrx_word' id='word_1_68' title='bbox 1249 863 1360 918; x_wconf 79' lang='grc' dir='ltr'>τῶν</span> <span class='ocrx_word' id='word_1_69' title='bbox 1396 858 1720 935; x_wconf 82' lang='grc' dir='ltr'>μελλόντων</span> <span class='ocrx_word' id='word_1_70' title='bbox 1753 859 1877 919; x_wconf 88' lang='grc' dir='ltr'>τού-</span> 
     </span>
     <span class='ocr_line' id='line_1_11' title="bbox 273 946 1879 1025; baseline 0 -19"><span class='ocrx_word' id='word_1_71' title='bbox 273 971 382 1006; x_wconf 90' lang='grc' dir='ltr'>των</span> <span class='ocrx_word' id='word_1_72' title='bbox 435 946 726 1019; x_wconf 84' lang='grc' dir='ltr'>θύσεσθαι,</span> <span class='ocrx_word' id='word_1_73' title='bbox 785 946 1083 1017; x_wconf 86' lang='grc' dir='ltr'>δείσαντες,</span> <span class='ocrx_word' id='word_1_74' title='bbox 1140 948 1364 1025; x_wconf 79' lang='grc' dir='ltr'>οἴχοντο</span> <span class='ocrx_word' id='word_1_75' title='bbox 1429 946 1765 1024; x_wconf 77' lang='grc' dir='ltr'>ἀποδράντες</span> <span class='ocrx_word' id='word_1_76' title='bbox 1823 952 1879 1011; x_wconf 87' lang='grc' dir='ltr'>ἐς</span> 
     </span>
     <span class='ocr_line' id='line_1_12' title="bbox 278 1032 1878 1113; baseline 0.001 -20"><span class='ocrx_word' id='word_1_77' title='bbox 278 1032 463 1110; x_wconf 77' lang='grc' dir='ltr'>ἄλλην</span> <span class='ocrx_word' id='word_1_78' title='bbox 505 1034 709 1113; x_wconf 88' lang='grc' dir='ltr'>χώρην·</span> <span class='ocrx_word' id='word_1_79' title='bbox 763 1034 967 1112; x_wconf 88' lang='grc' dir='ltr'>χρόνου</span> <span class='ocrx_word' id='word_1_80' title='bbox 1014 1034 1076 1093; x_wconf 82' lang='grc' dir='ltr'>δὲ</span> <span class='ocrx_word' id='word_1_81' title='bbox 1117 1034 1410 1110; x_wconf 77' lang='grc' dir='ltr'>προϊόντος</span> <span class='ocrx_word' id='word_1_82' title='bbox 1458 1034 1642 1094; x_wconf 80' lang='grc' dir='ltr'>ὀπίσω</span> <span class='ocrx_word' id='word_1_83' title='bbox 1683 1039 1878 1094; x_wconf 78' lang='grc' dir='ltr'>κατελ-</span> 
     </span>
     <span class='ocr_line' id='line_1_13' title="bbox 278 1120 1879 1199; baseline 0 -17"><span class='ocrx_word' id='word_1_84' title='bbox 278 1122 481 1195; x_wconf 90' lang='grc' dir='ltr'>θόντες,</span> <span class='ocrx_word' id='word_1_85' title='bbox 509 1121 579 1199; x_wconf 86' lang='grc' dir='ltr'>ἢν</span> <span class='ocrx_word' id='word_1_86' title='bbox 614 1121 957 1182; x_wconf 73' lang='grc' dir='ltr'>ἁλίσκωνται</span> <span class='ocrx_word' id='word_1_87' title='bbox 992 1120 1323 1184; x_wconf 87' lang='grc' dir='ltr'>ἐσελθόντες</span> <span class='ocrx_word' id='word_1_88' title='bbox 1351 1127 1407 1184; x_wconf 90' lang='grc' dir='ltr'>ἐς</span> <span class='ocrx_word' id='word_1_89' title='bbox 1429 1120 1499 1181; x_wconf 80' lang='grc' dir='ltr'>τὸ</span> <span class='ocrx_word' id='word_1_90' title='bbox 1526 1122 1879 1198; x_wconf 74' lang='grc' dir='ltr'>πρυτανήῖον,</span> 
     </span>
     <span class='ocr_line' id='line_1_14' title="bbox 275 1210 1882 1290; baseline -0.002 -19"><span class='ocrx_word' id='word_1_91' title='bbox 275 1210 348 1274; x_wconf 77' lang='grc' dir='ltr'>ὦς</span> <span class='ocrx_word' id='word_1_92' title='bbox 388 1210 583 1271; x_wconf 77' lang='grc' dir='ltr'>θύεταί</span> <span class='ocrx_word' id='word_1_93' title='bbox 615 1236 692 1281; x_wconf 91' lang='grc' dir='ltr'>τε,</span> <span class='ocrx_word' id='word_1_94' title='bbox 738 1210 1048 1290; x_wconf 74' lang='grc' dir='ltr'>ἐξηγέοντο,</span> <span class='ocrx_word' id='word_1_95' title='bbox 1093 1210 1383 1286; x_wconf 87' lang='grc' dir='ltr'>στέμμασι</span> <span class='ocrx_word' id='word_1_96' title='bbox 1423 1214 1536 1272; x_wconf 75' lang='grc' dir='ltr'>πὰἶς</span> <span class='ocrx_word' id='word_1_97' title='bbox 1575 1211 1882 1274; x_wconf 82' lang='grc' dir='ltr'>πυκασθεὶς</span> 
     </span>
     <span class='ocr_line' id='line_1_15' title="bbox 279 1297 1884 1377; baseline 0.001 -20"><span class='ocrx_word' id='word_1_98' title='bbox 279 1299 371 1357; x_wconf 82' lang='grc' dir='ltr'>καὶ</span> <span class='ocrx_word' id='word_1_99' title='bbox 409 1298 480 1361; x_wconf 78' lang='grc' dir='ltr'>ὦς</span> <span class='ocrx_word' id='word_1_100' title='bbox 514 1299 621 1358; x_wconf 77' lang='grc' dir='ltr'>σῦν</span> <span class='ocrx_word' id='word_1_101' title='bbox 656 1302 859 1374; x_wconf 80' lang='grc' dir='ltr'>πομπῇ</span> <span class='ocrx_word' id='word_1_102' title='bbox 894 1298 1166 1377; x_wconf 76' lang='grc' dir='ltr'>ἐξαχθείς·</span> <span class='ocrx_word' id='word_1_103' title='bbox 1208 1302 1383 1356; x_wconf 80' lang='grc' dir='ltr'>ταῦτα</span> <span class='ocrx_word' id='word_1_104' title='bbox 1411 1298 1471 1356; x_wconf 85' lang='grc' dir='ltr'>δὲ</span> <span class='ocrx_word' id='word_1_105' title='bbox 1503 1297 1795 1376; x_wconf 87' lang='grc' dir='ltr'>πάσχουσι</span> <span class='ocrx_word' id='word_1_106' title='bbox 1828 1302 1884 1358; x_wconf 81' lang='grc' dir='ltr'>οἶ</span> 
     </span>
     <span class='ocr_line' id='line_1_16' title="bbox 277 1384 1882 1465; baseline 0.002 -22"><span class='ocrx_word' id='word_1_107' title='bbox 277 1384 651 1461; x_wconf 80' lang='grc' dir='ltr'>Κυτισσώρου</span> <span class='ocrx_word' id='word_1_108' title='bbox 704 1388 805 1443; x_wconf 85' lang='grc' dir='ltr'>τοῦ</span> <span class='ocrx_word' id='word_1_109' title='bbox 876 1386 1082 1460; x_wconf 82' lang='grc' dir='ltr'>Φρίξου</span> <span class='ocrx_word' id='word_1_110' title='bbox 1136 1385 1333 1448; x_wconf 71' lang='grc' dir='ltr'>παιδός</span> <span class='ocrx_word' id='word_1_111' title='bbox 1398 1384 1687 1465; x_wconf 68' lang='grc' dir='ltr'>ἀπόγονοι,</span> <span class='ocrx_word' id='word_1_112' title='bbox 1743 1385 1882 1446; x_wconf 81' lang='grc' dir='ltr'>διότι</span> 
     </span>
     <span class='ocr_line' id='line_1_17' title="bbox 277 1470 1882 1553; baseline 0.002 -24"><span class='ocrx_word' id='word_1_113' title='bbox 277 1470 564 1547; x_wconf 74' lang='grc' dir='ltr'>καθαρμὸν</span> <span class='ocrx_word' id='word_1_114' title='bbox 608 1476 708 1547; x_wconf 85' lang='grc' dir='ltr'>τῆς</span> <span class='ocrx_word' id='word_1_115' title='bbox 747 1470 933 1550; x_wconf 80' lang='grc' dir='ltr'>χώρης</span> <span class='ocrx_word' id='word_1_116' title='bbox 980 1474 1318 1549; x_wconf 77' lang='grc' dir='ltr'>ποιευμένων</span> <span class='ocrx_word' id='word_1_117' title='bbox 1369 1472 1615 1553; x_wconf 77' lang='grc' dir='ltr'>Ἀχαιῶν</span> <span class='ocrx_word' id='word_1_118' title='bbox 1658 1477 1719 1533; x_wconf 90' lang='grc' dir='ltr'>ἐκ</span> <span class='ocrx_word' id='word_1_119' title='bbox 1762 1474 1882 1533; x_wconf 89' lang='grc' dir='ltr'>θεο-</span> 
     </span>
     <span class='ocr_line' id='line_1_18' title="bbox 276 1557 1928 1640; baseline 0.002 -22"><span class='ocrx_word' id='word_1_120' title='bbox 276 1559 518 1637; x_wconf 90' lang='grc' dir='ltr'>προπίου</span> <span class='ocrx_word' id='word_1_121' title='bbox 542 1557 869 1634; x_wconf 78' lang='grc' dir='ltr'>Ἀθάμαντα</span> <span class='ocrx_word' id='word_1_122' title='bbox 906 1559 1006 1620; x_wconf 78' lang='grc' dir='ltr'>τᾶν</span> <span class='ocrx_word' id='word_1_123' title='bbox 1032 1561 1260 1635; x_wconf 82' lang='grc' dir='ltr'>Αἰόλου,</span> <span class='ocrx_word' id='word_1_124' title='bbox 1297 1561 1389 1619; x_wconf 87' lang='grc' dir='ltr'>καὶ</span> <span class='ocrx_word' id='word_1_125' title='bbox 1427 1561 1753 1636; x_wconf 82' lang='grc' dir='ltr'>μελλόντων</span> <span class='ocrx_word' id='word_1_126' title='bbox 1782 1587 1886 1637; x_wconf 87' lang='grc' dir='ltr'>μιν</span> <span class='ocrx_word' id='word_1_127' title='bbox 1921 1633 1928 1640; x_wconf 40' lang='grc'><em>“</em></span> 
     </span>
     <span class='ocr_line' id='line_1_19' title="bbox 277 1645 1885 1726; baseline 0.002 -19"><span class='ocrx_word' id='word_1_128' title='bbox 277 1646 443 1715; x_wconf 80' lang='grc' dir='ltr'>θύειν,</span> <span class='ocrx_word' id='word_1_129' title='bbox 471 1645 802 1723; x_wconf 80' lang='grc' dir='ltr'>ἀπικόμενος</span> <span class='ocrx_word' id='word_1_130' title='bbox 836 1645 996 1711; x_wconf 82' lang='grc' dir='ltr'>οὗτος</span> <span class='ocrx_word' id='word_1_131' title='bbox 1033 1648 1065 1707; x_wconf 81' lang='grc' dir='ltr'>ό</span> <span class='ocrx_word' id='word_1_132' title='bbox 1104 1649 1473 1726; x_wconf 85' lang='grc' dir='ltr'>Κυτίσσωρος</span> <span class='ocrx_word' id='word_1_133' title='bbox 1515 1648 1580 1717; x_wconf 74' lang='grc' dir='ltr'>ἐξ</span> <span class='ocrx_word' id='word_1_134' title='bbox 1607 1648 1746 1725; x_wconf 84' lang='grc' dir='ltr'>Αἴης</span> <span class='ocrx_word' id='word_1_135' title='bbox 1779 1653 1885 1725; x_wconf 77' lang='grc' dir='ltr'>τῆς</span> 
     </span>
     <span class='ocr_line' id='line_1_20' title="bbox 279 1734 1884 1813; baseline 0.001 -19"><span class='ocrx_word' id='word_1_136' title='bbox 279 1735 567 1813; x_wconf 89' lang='grc' dir='ltr'>Κολχίδος</span> <span class='ocrx_word' id='word_1_137' title='bbox 606 1734 899 1812; x_wconf 79' lang='grc' dir='ltr'>ἐρρύσατο·</span> <span class='ocrx_word' id='word_1_138' title='bbox 963 1734 1208 1810; x_wconf 88' lang='grc' dir='ltr'>ποιήσας</span> <span class='ocrx_word' id='word_1_139' title='bbox 1249 1736 1309 1794; x_wconf 77' lang='grc' dir='ltr'>δὲ</span> <span class='ocrx_word' id='word_1_140' title='bbox 1347 1736 1528 1810; x_wconf 76' lang='grc' dir='ltr'>τοῦτο,</span> <span class='ocrx_word' id='word_1_141' title='bbox 1573 1739 1727 1795; x_wconf 82' lang='grc' dir='ltr'>τοῖσι</span> <span class='ocrx_word' id='word_1_142' title='bbox 1766 1740 1884 1796; x_wconf 83' lang='grc' dir='ltr'>ἐπι-</span> 
     </span>
     <span class='ocr_line' id='line_1_21' title="bbox 279 1823 1881 1902; baseline 0.001 -19"><span class='ocrx_word' id='word_1_143' title='bbox 279 1825 632 1902; x_wconf 87' lang='grc' dir='ltr'>γενομένοισι</span> <span class='ocrx_word' id='word_1_144' title='bbox 688 1823 749 1892; x_wconf 78' lang='grc' dir='ltr'>ἐξ</span> <span class='ocrx_word' id='word_1_145' title='bbox 802 1827 1002 1882; x_wconf 81' lang='grc' dir='ltr'>ἑωυτοῦ</span> <span class='ocrx_word' id='word_1_146' title='bbox 1055 1828 1224 1899; x_wconf 87' lang='grc' dir='ltr'>μῆνιν</span> <span class='ocrx_word' id='word_1_147' title='bbox 1283 1828 1383 1883; x_wconf 83' lang='grc' dir='ltr'>τοῦ</span> <span class='ocrx_word' id='word_1_148' title='bbox 1442 1825 1573 1884; x_wconf 82' lang='grc' dir='ltr'>θεοῦ</span> <span class='ocrx_word' id='word_1_149' title='bbox 1626 1825 1881 1900; x_wconf 83' lang='grc' dir='ltr'>ἐνέβαλε.</span> 
     </span>
     <span class='ocr_line' id='line_1_22' title="bbox 279 1911 1884 1988; baseline 0.003 -18"><span class='ocrx_word' id='word_1_150' title='bbox 279 1912 491 1988; x_wconf 73' lang='grc' dir='ltr'>Ξέρξης</span> <span class='ocrx_word' id='word_1_151' title='bbox 555 1912 614 1971; x_wconf 85' lang='grc' dir='ltr'>δὲ</span> <span class='ocrx_word' id='word_1_152' title='bbox 673 1917 851 1972; x_wconf 83' lang='grc' dir='ltr'>ταῦτα</span> <span class='ocrx_word' id='word_1_153' title='bbox 913 1911 1176 1980; x_wconf 80' lang='grc' dir='ltr'>οἰκούσας,</span> <span class='ocrx_word' id='word_1_154' title='bbox 1243 1912 1313 1975; x_wconf 83' lang='grc' dir='ltr'>ὦς</span> <span class='ocrx_word' id='word_1_155' title='bbox 1375 1912 1515 1971; x_wconf 80' lang='grc' dir='ltr'>κατοὶ</span> <span class='ocrx_word' id='word_1_156' title='bbox 1573 1911 1640 1971; x_wconf 64' lang='lat' dir='ltr'>vd</span> <span class='ocrx_word' id='word_1_157' title='bbox 1703 1911 1884 1976; x_wconf 74' lang='grc' dir='ltr'>ἄλσος</span> 
     </span>
     <span class='ocr_line' id='line_1_23' title="bbox 279 1998 1882 2079; baseline 0 -21"><span class='ocrx_word' id='word_1_158' title='bbox 279 2000 510 2079; x_wconf 86' lang='grc' dir='ltr'>ἐγένετο,</span> <span class='ocrx_word' id='word_1_159' title='bbox 543 1999 708 2062; x_wconf 74' lang='grc' dir='ltr'>αὐτός</span> <span class='ocrx_word' id='word_1_160' title='bbox 734 2026 794 2058; x_wconf 83' lang='grc' dir='ltr'>τε</span> <span class='ocrx_word' id='word_1_161' title='bbox 823 2001 1014 2079; x_wconf 84' lang='grc' dir='ltr'>ἔργετο</span> <span class='ocrx_word' id='word_1_162' title='bbox 1040 1998 1211 2058; x_wconf 75' lang='grc' dir='ltr'>αὐτοῦ</span> <span class='ocrx_word' id='word_1_163' title='bbox 1239 2000 1330 2057; x_wconf 87' lang='grc' dir='ltr'>καὶ</span> <span class='ocrx_word' id='word_1_164' title='bbox 1356 2003 1427 2077; x_wconf 73' lang='grc' dir='ltr'>τῇ</span> <span class='ocrx_word' id='word_1_165' title='bbox 1454 2003 1694 2078; x_wconf 84' lang='grc' dir='ltr'>στρατιῇ</span> <span class='ocrx_word' id='word_1_166' title='bbox 1721 2000 1882 2079; x_wconf 74' lang='grc' dir='ltr'>πάσῃ</span> 
     </span>
     <span class='ocr_line' id='line_1_24' title="bbox 278 2086 1880 2169; baseline 0.001 -25"><span class='ocrx_word' id='word_1_167' title='bbox 278 2087 641 2166; x_wconf 87' lang='grc' dir='ltr'>παρήγγειλε·</span> <span class='ocrx_word' id='word_1_168' title='bbox 673 2092 782 2146; x_wconf 77' lang='grc' dir='ltr'>τῶν</span> <span class='ocrx_word' id='word_1_169' title='bbox 800 2113 863 2146; x_wconf 90' lang='grc' dir='ltr'>τε</span> <span class='ocrx_word' id='word_1_170' title='bbox 881 2086 1231 2164; x_wconf 87' lang='grc' dir='ltr'>Ἀθάμαντος</span> <span class='ocrx_word' id='word_1_171' title='bbox 1253 2086 1546 2169; x_wconf 77' lang='grc' dir='ltr'>ἀπογόνων</span> <span class='ocrx_word' id='word_1_172' title='bbox 1570 2087 1673 2162; x_wconf 77' lang='grc' dir='ltr'>τὴν</span> <span class='ocrx_word' id='word_1_173' title='bbox 1700 2088 1880 2164; x_wconf 83' lang='grc' dir='ltr'>οἰκίην</span> 
     </span>
     <span class='ocr_line' id='line_1_25' title="bbox 282 2172 1227 2250; baseline 0.002 -18"><span class='ocrx_word' id='word_1_174' title='bbox 282 2172 481 2249; x_wconf 82' lang='grc' dir='ltr'>ὁμοίως</span> <span class='ocrx_word' id='word_1_175' title='bbox 508 2175 599 2231; x_wconf 84' lang='grc' dir='ltr'>καὶ</span> <span class='ocrx_word' id='word_1_176' title='bbox 623 2173 689 2232; x_wconf 75' lang='grc' dir='ltr'>τὰ</span> <span class='ocrx_word' id='word_1_177' title='bbox 716 2175 940 2250; x_wconf 87' lang='grc' dir='ltr'>τέμενος</span> <span class='ocrx_word' id='word_1_178' title='bbox 969 2176 1227 2250; x_wconf 85' lang='grc' dir='ltr'>ἐσέβετο.</span> 
     </span>
    </p>

    <p class='ocr_par' dir='ltr' id='par_1_2' title="bbox 190 2260 1897 3314">
     <span class='ocr_line' id='line_1_26' title="bbox 190 2260 1870 2342; baseline 0.001 -23"><span class='ocrx_word' id='word_1_179' title='bbox 190 2260 304 2319; x_wconf 88' lang='grc'>198</span> <span class='ocrx_word' id='word_1_180' title='bbox 402 2263 588 2318; x_wconf 79' lang='grc' dir='ltr'>Ταῦτα</span> <span class='ocrx_word' id='word_1_181' title='bbox 630 2262 734 2336; x_wconf 78' lang='grc' dir='ltr'>μὲν</span> <span class='ocrx_word' id='word_1_182' title='bbox 774 2260 845 2320; x_wconf 72' lang='grc' dir='ltr'>τά</span> <span class='ocrx_word' id='word_1_183' title='bbox 877 2267 934 2322; x_wconf 87' lang='grc' dir='ltr'>ἐν</span> <span class='ocrx_word' id='word_1_184' title='bbox 977 2264 1276 2340; x_wconf 84' lang='grc' dir='ltr'>Θεσσαλίῃ</span> <span class='ocrx_word' id='word_1_185' title='bbox 1311 2265 1404 2321; x_wconf 87' lang='grc' dir='ltr'>καὶ</span> <span class='ocrx_word' id='word_1_186' title='bbox 1433 2263 1504 2322; x_wconf 67' lang='grc' dir='ltr'>τὰ</span> <span class='ocrx_word' id='word_1_187' title='bbox 1538 2267 1594 2322; x_wconf 86' lang='grc' dir='ltr'>ἐν</span> <span class='ocrx_word' id='word_1_188' title='bbox 1626 2261 1870 2342; x_wconf 67' lang='grc' dir='ltr'>Ἀχαιίῃ·</span> 
     </span>
     <span class='ocr_line' id='line_1_27' title="bbox 281 2347 1877 2429; baseline 0.003 -25"><span class='ocrx_word' id='word_1_189' title='bbox 281 2347 394 2405; x_wconf 71' lang='lat' dir='ltr'>‹in-&lt;3</span> <span class='ocrx_word' id='word_1_190' title='bbox 432 2347 491 2405; x_wconf 80' lang='grc' dir='ltr'>δὲ</span> <span class='ocrx_word' id='word_1_191' title='bbox 526 2347 732 2407; x_wconf 88' lang='grc' dir='ltr'>τούτων</span> <span class='ocrx_word' id='word_1_192' title='bbox 767 2353 876 2409; x_wconf 80' lang='grc' dir='ltr'>τῶν</span> <span class='ocrx_word' id='word_1_193' title='bbox 910 2349 1104 2429; x_wconf 88' lang='grc' dir='ltr'>χώρων</span> <span class='ocrx_word' id='word_1_194' title='bbox 1131 2349 1217 2426; x_wconf 85' lang='grc' dir='ltr'>ἤϊε</span> <span class='ocrx_word' id='word_1_195' title='bbox 1246 2356 1299 2413; x_wconf 90' lang='grc' dir='ltr'>ἐς</span> <span class='ocrx_word' id='word_1_196' title='bbox 1323 2351 1426 2426; x_wconf 79' lang='grc' dir='ltr'>τήν</span> <span class='ocrx_word' id='word_1_197' title='bbox 1463 2351 1699 2426; x_wconf 84' lang='grc' dir='ltr'>Μηλίδα</span> <span class='ocrx_word' id='word_1_198' title='bbox 1722 2351 1877 2428; x_wconf 58' lang='grc' dir='ltr'>παραὶ</span> 
     </span>
     <span class='ocr_line' id='line_1_28' title="bbox 282 2434 1879 2517; baseline 0.003 -25"><span class='ocrx_word' id='word_1_199' title='bbox 282 2434 495 2493; x_wconf 90' lang='grc' dir='ltr'>κόλπον</span> <span class='ocrx_word' id='word_1_200' title='bbox 532 2435 846 2512; x_wconf 85' lang='grc' dir='ltr'>θαλάσσης,</span> <span class='ocrx_word' id='word_1_201' title='bbox 886 2442 944 2495; x_wconf 88' lang='grc' dir='ltr'>ἐν</span> <span class='ocrx_word' id='word_1_202' title='bbox 977 2441 1055 2515; x_wconf 74' lang='grc' dir='ltr'>τῷ</span> <span class='ocrx_word' id='word_1_203' title='bbox 1090 2436 1337 2513; x_wconf 81' lang='grc' dir='ltr'>ἄμπωτίς</span> <span class='ocrx_word' id='word_1_204' title='bbox 1362 2463 1424 2496; x_wconf 88' lang='grc' dir='ltr'>τε</span> <span class='ocrx_word' id='word_1_205' title='bbox 1452 2439 1543 2496; x_wconf 85' lang='grc' dir='ltr'>καὶ</span> <span class='ocrx_word' id='word_1_206' title='bbox 1570 2438 1737 2517; x_wconf 83' lang='grc' dir='ltr'>ῥηχίη</span> <span class='ocrx_word' id='word_1_207' title='bbox 1771 2437 1879 2497; x_wconf 72' lang='grc' dir='ltr'>ἀντὶ</span> 
     </span>
     <span class='ocr_line' id='line_1_29' title="bbox 282 2523 1880 2604; baseline 0.003 -24"><span class='ocrx_word' id='word_1_208' title='bbox 282 2525 473 2582; x_wconf 77' lang='grc' dir='ltr'>πᾶσαν</span> <span class='ocrx_word' id='word_1_209' title='bbox 510 2523 724 2601; x_wconf 77' lang='grc' dir='ltr'>ἡμέρην</span> <span class='ocrx_word' id='word_1_210' title='bbox 755 2524 983 2604; x_wconf 87' lang='grc' dir='ltr'>γίνεται·</span> <span class='ocrx_word' id='word_1_211' title='bbox 1038 2526 1166 2601; x_wconf 85' lang='grc' dir='ltr'>περὶ</span> <span class='ocrx_word' id='word_1_212' title='bbox 1202 2526 1262 2584; x_wconf 85' lang='grc' dir='ltr'>δὲ</span> <span class='ocrx_word' id='word_1_213' title='bbox 1297 2525 1397 2585; x_wconf 80' lang='grc' dir='ltr'>τᾶν</span> <span class='ocrx_word' id='word_1_214' title='bbox 1434 2525 1649 2585; x_wconf 88' lang='grc' dir='ltr'>κόλπον</span> <span class='ocrx_word' id='word_1_215' title='bbox 1684 2526 1880 2584; x_wconf 80' lang='grc' dir='ltr'>τοῦτόν</span> 
     </span>
     <span class='ocr_line' id='line_1_30' title="bbox 282 2610 1876 2692; baseline 0.001 -24"><span class='ocrx_word' id='word_1_216' title='bbox 282 2613 405 2668; x_wconf 89' lang='grc' dir='ltr'>ἐστι</span> <span class='ocrx_word' id='word_1_217' title='bbox 439 2616 619 2690; x_wconf 80' lang='grc' dir='ltr'>χῶρος</span> <span class='ocrx_word' id='word_1_218' title='bbox 653 2610 888 2681; x_wconf 81' lang='grc' dir='ltr'>πεδινός,</span> <span class='ocrx_word' id='word_1_219' title='bbox 925 2616 998 2690; x_wconf 83' lang='grc' dir='ltr'>τῇ</span> <span class='ocrx_word' id='word_1_220' title='bbox 1031 2615 1135 2688; x_wconf 86' lang='grc' dir='ltr'>μὲν</span> <span class='ocrx_word' id='word_1_221' title='bbox 1171 2612 1345 2689; x_wconf 77' lang='grc' dir='ltr'>εὖρῦς,</span> <span class='ocrx_word' id='word_1_222' title='bbox 1373 2618 1445 2692; x_wconf 82' lang='grc' dir='ltr'>τῇ</span> <span class='ocrx_word' id='word_1_223' title='bbox 1477 2614 1538 2672; x_wconf 83' lang='grc' dir='ltr'>δὲ</span> <span class='ocrx_word' id='word_1_224' title='bbox 1575 2614 1669 2671; x_wconf 85' lang='grc' dir='ltr'>καὶ</span> <span class='ocrx_word' id='word_1_225' title='bbox 1704 2612 1876 2687; x_wconf 86' lang='grc' dir='ltr'>κάρτα</span> 
     </span>
     <span class='ocr_line' id='line_1_31' title="bbox 283 2698 1877 2779; baseline 0.002 -23"><span class='ocrx_word' id='word_1_226' title='bbox 283 2698 516 2771; x_wconf 80' lang='grc' dir='ltr'>στεινός·</span> <span class='ocrx_word' id='word_1_227' title='bbox 559 2699 686 2775; x_wconf 89' lang='grc' dir='ltr'>περὶ</span> <span class='ocrx_word' id='word_1_228' title='bbox 719 2698 779 2757; x_wconf 85' lang='grc' dir='ltr'>δὲ</span> <span class='ocrx_word' id='word_1_229' title='bbox 809 2698 908 2758; x_wconf 81' lang='grc' dir='ltr'>τόν</span> <span class='ocrx_word' id='word_1_230' title='bbox 943 2704 1125 2778; x_wconf 80' lang='grc' dir='ltr'>χῶρον</span> <span class='ocrx_word' id='word_1_231' title='bbox 1153 2699 1318 2777; x_wconf 77' lang='grc' dir='ltr'>οὔρεα</span> <span class='ocrx_word' id='word_1_232' title='bbox 1343 2700 1539 2779; x_wconf 79' lang='grc' dir='ltr'>ὖψηλοῖ</span> <span class='ocrx_word' id='word_1_233' title='bbox 1568 2701 1660 2758; x_wconf 85' lang='grc' dir='ltr'>καὶ</span> <span class='ocrx_word' id='word_1_234' title='bbox 1687 2698 1877 2774; x_wconf 76' lang='grc' dir='ltr'>ἄβατα</span> 
     </span>
     <span class='ocr_line' id='line_1_32' title="bbox 283 2786 1883 2869; baseline 0.003 -26"><span class='ocrx_word' id='word_1_235' title='bbox 283 2786 590 2862; x_wconf 67' lang='grc' dir='ltr'>περικληίει</span> <span class='ocrx_word' id='word_1_236' title='bbox 618 2789 811 2845; x_wconf 75' lang='grc' dir='ltr'>πᾶσαν</span> <span class='ocrx_word' id='word_1_237' title='bbox 837 2786 939 2861; x_wconf 79' lang='grc' dir='ltr'>τήν</span> <span class='ocrx_word' id='word_1_238' title='bbox 961 2788 1194 2862; x_wconf 85' lang='grc' dir='ltr'>Μηλίδα</span> <span class='ocrx_word' id='word_1_239' title='bbox 1219 2791 1343 2869; x_wconf 79' lang='grc' dir='ltr'>γῆν,</span> <span class='ocrx_word' id='word_1_240' title='bbox 1368 2790 1660 2868; x_wconf 83' lang='grc' dir='ltr'>Τρηχίνιαι</span> <span class='ocrx_word' id='word_1_241' title='bbox 1687 2788 1883 2863; x_wconf 78' lang='grc' dir='ltr'>πέτραι</span> 
     </span>
     <span class='ocr_line' id='line_1_33' title="bbox 283 2872 1886 2957; baseline 0.002 -27"><span class='ocrx_word' id='word_1_242' title='bbox 283 2872 633 2949; x_wconf 86' lang='grc' dir='ltr'>καλεόμεναι.</span> <span class='ocrx_word' id='word_1_243' title='bbox 699 2873 888 2949; x_wconf 83' lang='grc' dir='ltr'>πρώτη</span> <span class='ocrx_word' id='word_1_244' title='bbox 913 2876 1017 2950; x_wconf 91' lang='grc' dir='ltr'>μέν</span> <span class='ocrx_word' id='word_1_245' title='bbox 1035 2902 1132 2934; x_wconf 90' lang='grc' dir='ltr'>νυν</span> <span class='ocrx_word' id='word_1_246' title='bbox 1158 2877 1325 2940; x_wconf 89' lang='grc' dir='ltr'>πόλις</span> <span class='ocrx_word' id='word_1_247' title='bbox 1353 2879 1477 2937; x_wconf 85' lang='grc' dir='ltr'>ἐστὶ</span> <span class='ocrx_word' id='word_1_248' title='bbox 1504 2883 1564 2937; x_wconf 92' lang='grc' dir='ltr'>ἐν</span> <span class='ocrx_word' id='word_1_249' title='bbox 1588 2880 1667 2956; x_wconf 78' lang='grc' dir='ltr'>τῷ</span> <span class='ocrx_word' id='word_1_250' title='bbox 1694 2875 1886 2957; x_wconf 76' lang='grc' dir='ltr'>κόλπῳ</span> 
     </span>
     <span class='ocr_line' id='line_1_34' title="bbox 285 2959 1888 3044; baseline 0.002 -23"><span class='ocrx_word' id='word_1_251' title='bbox 285 2960 421 3021; x_wconf 74' lang='grc' dir='ltr'>ἰόντι</span> <span class='ocrx_word' id='word_1_252' title='bbox 472 2959 584 3020; x_wconf 70' lang='lat' dir='ltr'><strong>‹in-6</strong></span> <span class='ocrx_word' id='word_1_253' title='bbox 637 2959 903 3039; x_wconf 68' lang='grc' dir='ltr'>Ἀχαιίης,</span> <span class='ocrx_word' id='word_1_254' title='bbox 960 2962 1272 3041; x_wconf 81' lang='grc' dir='ltr'>Ἀντικύρη·</span> <span class='ocrx_word' id='word_1_255' title='bbox 1337 2966 1466 3044; x_wconf 87' lang='grc' dir='ltr'>παρ’</span> <span class='ocrx_word' id='word_1_256' title='bbox 1513 2966 1585 3042; x_wconf 85' lang='grc' dir='ltr'>ἣν</span> <span class='ocrx_word' id='word_1_257' title='bbox 1632 2965 1888 3040; x_wconf 77' lang='grc' dir='ltr'>ποταμός</span> 
     </span>
     <span class='ocr_line' id='line_1_35' title="bbox 284 3048 1889 3129; baseline 0.003 -21"><span class='ocrx_word' id='word_1_258' title='bbox 284 3049 597 3129; x_wconf 78' lang='grc' dir='ltr'>Σπερχήϊος</span> <span class='ocrx_word' id='word_1_259' title='bbox 635 3048 773 3124; x_wconf 84' lang='grc' dir='ltr'>ῥέων</span> <span class='ocrx_word' id='word_1_260' title='bbox 821 3049 883 3118; x_wconf 83' lang='grc' dir='ltr'>ἐξ</span> <span class='ocrx_word' id='word_1_261' title='bbox 918 3049 1181 3127; x_wconf 86' lang='grc' dir='ltr'>Ἐνιήνων</span> <span class='ocrx_word' id='word_1_262' title='bbox 1223 3059 1278 3116; x_wconf 89' lang='grc' dir='ltr'>ἐς</span> <span class='ocrx_word' id='word_1_263' title='bbox 1320 3054 1625 3114; x_wconf 85' lang='grc' dir='ltr'>θάλασσαν</span> <span class='ocrx_word' id='word_1_264' title='bbox 1667 3052 1889 3113; x_wconf 83' lang='grc' dir='ltr'>ἐκδιδοῖ·</span> 
     </span>
     <span class='ocr_line' id='line_1_36' title="bbox 283 3134 1889 3212; baseline 0.006 -19"><span class='ocrx_word' id='word_1_265' title='bbox 283 3134 394 3196; x_wconf 77' lang='grc' dir='ltr'>ἀπὸ</span> <span class='ocrx_word' id='word_1_266' title='bbox 436 3138 497 3199; x_wconf 76' lang='grc' dir='ltr'>δὲ</span> <span class='ocrx_word' id='word_1_267' title='bbox 542 3136 759 3206; x_wconf 88' lang='grc' dir='ltr'>τούτου,</span> <span class='ocrx_word' id='word_1_268' title='bbox 802 3136 892 3196; x_wconf 84' lang='grc' dir='ltr'>διοὶ</span> <span class='ocrx_word' id='word_1_269' title='bbox 934 3139 1120 3198; x_wconf 82' lang='grc' dir='ltr'>εἴκοσί</span> <span class='ocrx_word' id='word_1_270' title='bbox 1140 3166 1240 3200; x_wconf 90' lang='grc' dir='ltr'>κου</span> <span class='ocrx_word' id='word_1_271' title='bbox 1281 3143 1539 3212; x_wconf 88' lang='grc' dir='ltr'>σταδίων,</span> <span class='ocrx_word' id='word_1_272' title='bbox 1574 3141 1755 3204; x_wconf 72' lang='grc' dir='ltr'>ἄλλος</span> <span class='ocrx_word' id='word_1_273' title='bbox 1785 3166 1889 3202; x_wconf 74' lang='grc' dir='ltr'>πο-</span> 
     </span>
     <span class='ocr_line' id='line_1_37' title="bbox 283 3223 1897 3314; baseline 0.007 -33"><span class='ocrx_word' id='word_1_274' title='bbox 283 3224 473 3299; x_wconf 82' lang='grc' dir='ltr'>ταμός,</span> <span class='ocrx_word' id='word_1_275' title='bbox 508 3229 586 3304; x_wconf 77' lang='grc' dir='ltr'>τῷ</span> <span class='ocrx_word' id='word_1_276' title='bbox 623 3223 834 3302; x_wconf 79' lang='grc' dir='ltr'>οὕνομα</span> <span class='ocrx_word' id='word_1_277' title='bbox 871 3229 1045 3285; x_wconf 84' lang='grc' dir='ltr'>κεῖται</span> <span class='ocrx_word' id='word_1_278' title='bbox 1083 3228 1289 3306; x_wconf 88' lang='grc' dir='ltr'>Δύρας,</span> <span class='ocrx_word' id='word_1_279' title='bbox 1327 3231 1429 3302; x_wconf 85' lang='grc' dir='ltr'>τόν</span> <span class='ocrx_word' id='word_1_280' title='bbox 1461 3230 1783 3307; x_wconf 82' lang='grc' dir='ltr'>βοηθέοντα</span> <span class='ocrx_word' id='word_1_281' title='bbox 1815 3233 1897 3314; x_wconf 51' lang='lat' dir='ltr'>*tf</span> 
     </span>
    </p>
   </div>
   <div class='ocr_carea' id='block_1_2' title="bbox 2051 5 2085 3394">
    <p class='ocr_par' dir='ltr' id='par_1_3' title="bbox 2051 5 2085 3394">
     <span class='ocr_line' id='line_1_38' title="bbox 2051 5 2085 3394; baseline 0 0"><span class='ocrx_word' id='word_1_282' title='bbox 2051 5 2085 3394; x_wconf 95' lang='lat' dir='ltr'> </span> 
     </span>
    </p>
   </div>
  </div>
 </body>
</html>
