2100 3409
280 69 371 116 120
881 64 1250 115 ἮΡοΔοϊοτ
1710 61 1784 125 [v
1797 60 1881 107 11.

273 171 439 223 μενος
482 143 613 223 παρ’
659 143 807 224 αὐτῷ
846 144 1120 225 μέγιστον
1160 142 1429 220 Περσέων
1473 139 1796 220 Μαρδόνιος
1845 166 1883 199 ο

264 232 567 312 Γωβρύεω,
623 232 683 297 ὃς
735 232 805 309 ἦν
856 233 1037 310 Ξέρξῃ
1090 234 1194 309 μὲν
1247 230 1471 310 ἅνεψιός
1525 231 1764 308 Δαρείου
1817 226 1908 287 δὲ’

278 321 560 399 ἀδελφεῆς
584 321 730 392 πάϊς,
750 319 1003 381 τοιούτου
1028 320 1208 401 λόγου
1235 321 1433 399 εἴχετο,
1457 320 1654 400 λέγων·
1696 326 1729 354 “
1747 318 1887 377 δέσ-

272 436 436 482 ποτα,
465 409 565 470 οὖκ
588 408 740 472 οἶκός
760 413 883 469 ἐστι
899 408 1228 484 Ἀθηναίους
1249 410 1661 488 ἐργασαμένους
1680 405 1892 465 πολλὰ

272 498 379 574 ἤδη
405 497 548 558 κακά
574 495 822 574 Πέρσας,
849 496 930 573 μὴ
959 496 1023 555 οὗ
1053 497 1240 557 δοῦναι
1268 495 1423 564 δίκας
1446 499 1559 557 τῶν
1584 496 1885 571 ἐποίησαν·

273 586 427 645 ἀλλὰ
464 586 531 646 τὰ
570 587 675 662 μὶν
711 588 811 645 νῦν
848 589 1024 645 ταῦτα
1059 583 1345 662 πρήσσοις
1396 584 1576 661 τάπερ
1616 589 1674 642 ἐν
1707 582 1886 662 χερσὶ

273 676 433 752 ἔχεις·
459 673 754 750 ἡμερώσας
773 673 832 732 δὲ
852 673 1140 754 Αἴγυπτον
1162 672 1268 748 τὴν
1294 672 1681 748 ἐξυβρίσασαν
1702 697 1882 747 στρα-

271 762 505 836 τηλάτεε
544 762 636 821 ἐπὶ
671 762 772 825 τοῖς
806 760 1063 837 Ἀθήνας,
1098 761 1186 820 ἵνα
1217 759 1390 840 λόγος
1413 759 1479 819 τέ
1504 785 1576 819 σε
1604 761 1703 837 ἔχῃ
1733 758 1884 835 πρὸς

276 848 576 925 ἀνθρώπων
616 848 825 929 σῖγαθὸς
867 849 962 909 καί
988 873 1073 911 τις
1102 847 1340 924 ὕστερον
1373 847 1746 923 φυλάσσηται
1788 849 1882 906 ἐπὶ

273 940 382 1017 γῆν
414 937 519 1012 τήν
551 937 663 1013 σήν
693 934 1152 1014 στρατεύεσθαι.”
1235 934 1398 997 οὗτος
1434 936 1538 1012 μέν
1567 938 1620 994 οἱ
1645 934 1677 994 ὁ
1705 935 1883 1017 λόγος

273 1023 343 1100 ἦν
381 1024 636 1103 τιμωρός·
688 1029 789 1085 τοῦ
830 1024 890 1083 δὲ
929 1023 1105 1104 λόγου
1158 1023 1513 1130 παρενθήκην
1553 1024 1882 1084 ποιεέσκετο

273 1111 475 1221 τήνδε,
483 1139 554 1177 ως
589 1113 626 1189 ἦ
658 1111 902 1190 Εὐρώπη
934 1110 1283 1188 περικαλλὴς
1313 1109 1484 1189 χώρη,
1526 1112 1618 1169 καὶ
1655 1111 1881 1187 δένδρεα

273 1205 511 1262 παντοῖα
538 1202 696 1278 φέρει
720 1227 791 1261 τα
818 1200 1017 1278 ἥμερα,
1046 1197 1249 1275 οἷρετήν
1275 1224 1337 1257 τε
1365 1196 1523 1274 ἄκρη,
1548 1200 1794 1275 βασιλέῖ
1817 1226 1880 1258 τε
1933 1209 1942 1212 ’

207 1290 243 1346 6
270 1289 454 1368 μούνῳ
508 1291 719 1364 θνητῶν
775 1287 903 1363 αξίη
959 1287 1247 1361 ἐκτῆσθαι.
1331 1290 1519 1345 Ταῦτα
1574 1289 1734 1367 ἔλεγε
1788 1288 1878 1346 οἷα

275 1377 547 1452 νεωτέρων
601 1376 771 1455 ἔργων
820 1373 1161 1450 ἐπιθυμητὴς
1209 1373 1312 1433 ἐών
1355 1374 1447 1432 καὶ
1491 1374 1671 1434 θέλων
1713 1374 1879 1438 αὖτὸς
1941 1365 1946 1376 ’

273 1466 373 1536 τῆς
395 1460 673 1522 Ἑλλάδος
710 1460 960 1539 ὕπαρχος
993 1462 1147 1534 εἶναι,
1186 1461 1370 1540 χρόνῳ
1398 1461 1457 1519 δὲ
1486 1461 1877 1541 κατεργάσατό

273 1575 334 1608 τε
373 1548 465 1607 καὶ
500 1548 757 1607 ἀνέπεισε
792 1548 1002 1626 Ξέρξεα
1040 1548 1187 1608 ὥστε
1230 1551 1438 1608 ποιέειν
1471 1553 1665 1608 ταῦτα·
1716 1551 1898 1626 συνέγ

274 1638 438 1713 λαβε·
472 1635 581 1715 γὰρ
630 1637 721 1694 καὶ
768 1635 921 1695 ἅλλα
965 1639 1018 1695 οἱ
1066 1636 1341 1716 σύμμαχα
1392 1636 1663 1717 γενόμενα
1711 1642 1765 1701 ἐς
1807 1638 1874 1698 τό

276 1725 568 1784 πείθεσθαι
608 1724 835 1801 Ξέρξεα·
884 1728 1053 1784 τοῦτο
1095 1726 1199 1800 μὲν
1246 1723 1357 1783 οἷπὸ
1405 1729 1505 1800 τῆς
1550 1728 1873 1801 Θεσσαλίης

276 1811 427 1889 παροῖ
454 1816 561 1872 τῶν
577 1810 919 1872 Ἀλευαδέων
938 1809 1236 1891 ἀπιγμένοι
1254 1809 1489 1892 ἄγγελοι
1511 1813 1871 1873 ἐπεκαλέοντο

274 1900 544 1974 βασιλέα,
593 1904 785 1960 πᾶσαν
832 1899 1147 1976 προθυμίην
1194 1898 1584 1977 παρεχόμενοι,
1637 1902 1724 1958 ἐπὶ
1769 1901 1871 1977 τήν

274 1986 545 2047 Ἑλλάδα·
606 1990 659 2046 οἱ
705 1988 765 2046 δὲ
807 1986 1109 2046 Ἀλευάδαι
1153 1985 1302 2046 οὗτοι
1349 1986 1498 2061 ἦσαν
1551 1990 1870 2064 Θεσσαλίης

274 2075 563 2149 βασιλέες.
615 2079 782 2134 τοῦτο
831 2074 890 2132 δὲ
938 2074 1449 2151 Πεισιστρατιδέων
1493 2076 1548 2134 οἱ
1590 2073 1868 2152 ἀναβεβη-

278 2161 431 2223 κότες
485 2166 538 2223 ἐς
594 2162 803 2228 Σοῦσα,
859 2164 968 2220 τῶν
1027 2187 1090 2220 τε
1150 2160 1327 2220 αὐτῶν
1380 2161 1566 2242 λόγων
1622 2162 1869 2241 ἐχόμενοι

273 2253 382 2308 τῶν
441 2248 531 2306 καὶ
587 2249 639 2305 οἱ
690 2245 986 2307 Ἀλευάδαι
1047 2249 1140 2308 καὶ
1194 2247 1261 2323 δή
1314 2274 1369 2307 τι
1427 2249 1566 2326 πρός
1625 2250 1867 2311 τούτοισι

275 2337 354 2395 ἔτι
402 2334 577 2394 πλέον
621 2333 1041 2415 προσορέγοντό
1086 2340 1154 2405 οἱ,
1201 2340 1417 2414 ἔχοντες
1456 2335 1864 2414 Ὀνομάκριτον,

274 2422 444 2500 ἄνδρα
462 2422 774 2498 Ἀθηναῖον,
805 2422 1211 2502 χρησμολόγον
1240 2449 1301 2482 τε
1332 2424 1423 2481 καὶ
1451 2424 1708 2499 διαθέτην
1739 2452 1863 2503 χρη-

275 2515 433 2586 σμῶν
458 2515 566 2570 τῶν
594 2512 920 2570 Μουσαίου.·
951 2509 1393 2584 ἀναβεβήκεσαν
1416 2512 1527 2591 γὰρ
1554 2511 1658 2586 τήν
1677 2514 1866 2591 ἔχθρην

274 2598 849 2675 προκαταλυσάμενοι·
916 2597 1203 2673 ἐξηλάσθη
1249 2599 1356 2680 γὰρ
1405 2598 1511 2658 find
1568 2598 1863 2679 Ἱππάρχου

271 2691 371 2746 τοῦ
410 2687 826 2765 Πεισιστράτου
860 2713 891 2744 ο
923 2685 1326 2766 Ὀνομάκριτος
1360 2688 1421 2756 ἐξ
1457 2685 1752 2763 Ἀθηνέων,
1787 2687 1863 2747 ἐπ’

273 2773 576 2855 αυτοφῶρῳ
603 2773 827 2838 αλους“
794 2773 905 2833 υπό
923 2774 1122 2835 Λάσου
1140 2780 1240 2836 τοῦ
1262 2774 1584 2851 Ερμιονέος
1613 2777 1865 2853 ἐμποιέων

275 2866 329 2923 ἐς
356 2862 428 2924 τοὶ
460 2865 758 2924 Μουσαίου
784 2891 1061 2943 χρησμον,
1094 2892 1163 2928 ως
1200 2867 1257 2924 αἶ
1294 2866 1384 2922 ἐπὶ
1412 2864 1647 2942 Λήμνου
1685 2866 1866 2924 ἐπικεί-

271 2976 434 3025 μεναι
475 2957 641 3028 νῆσοι
682 2951 1044 3029 αφανιζοιατο
1090 2980 1230 3013 κατα
1271 2959 1370 3029 τῆς
1416 2951 1737 3031 θαλάσσης·
1786 2952 1866 3014 διο

273 3038 518 3114 ἐξήλασέ
556 3067 654 3118 μιν
694 3040 725 3100 ὅ
769 3040 1101 3121 Ἵππαρχος,
1145 3041 1416 3120 πρότερον
1457 3041 1768 3122 χρεώμενος
1802 3044 1869 3101 τὰ

270 3126 541 3200 μάλιστα.
608 3129 736 3190 τότε
763 3128 822 3188 δὲ
850 3131 1191 3205 συναναβὰς,
1223 3130 1360 3194 ὅκως
1388 3130 1646 3190 ἀπίκοιτο
1680 3135 1729 3192 ἐς
1750 3130 1869 3208 ὄψιν

273 3214 376 3289 τὴν
412 3217 708 3293 βασιλέος,
748 3215 1029 3297 λεγόντων
1056 3219 1165 3275 τῶν
1195 3215 1712 3294 Πεισιστρατιδέων
1749 3220 1868 3295 περὶ
