2100 3409
309 54 406 102 116
931 52 1307 102 ἨΡΟΔΟΤΟΤ

313 133 455 209 ὕδωρ
498 131 588 191 ἐπὶ
627 131 730 207 τὴν
754 130 1199 209 Ἐννεάκρουνον·
1244 131 1336 211 (οὗ
1374 130 1488 213 γὰρ
1531 130 1671 192 εἶναι
1708 135 1912 192 τοῦτον

312 219 411 280 τὸν
446 220 649 298 χρόνον
693 220 868 295 σφίσι
912 246 988 278 κω
1032 219 1157 279 οὐδὲ
1197 224 1352 279 τοῖσι
1392 218 1630 279 ἄλλοισι
1657 218 1908 292 Ἕλλησι

315 308 570 388 οἶκέτας·)
619 306 757 369 ὅκως
799 308 858 366 δὲ
906 309 1121 367 ἔλθοιεν
1167 304 1349 376 αὗται,
1394 306 1525 369 τούς
1572 305 1905 385 Πελασγοῦς

310 394 420 455 ὖπό
462 395 659 472 ὕβριός
699 419 762 454 τε
805 395 899 453 καὶ
939 394 1235 474 ὀλιγωρίης
1276 395 1528 471 βιᾶσθαί
1563 401 1742 470 σφεας
1757 420 1770 434 ·
1818 393 1903 451 καὶ

312 488 488 543 ταῦτα
526 483 717 558 μέντοι
757 482 933 557 σφίσι
967 481 1067 542 οὐκ
1094 481 1351 561 οἷποχρᾶν
1377 482 1603 552 ποιέειν,
1632 481 1783 541 ἀλλὰ
1823 480 1900 539 τέ·

315 574 417 633 λος
463 570 554 629 καὶ
602 568 1072 645 ἐπιβουλεύοντας
1118 569 1494 649 ἐπιχειρήσειν
1544 574 1785 645 φανῆναι
1823 566 1898 625 ἐπ’

315 656 643 736 αὕτοφώρῳ·
702 657 933 722 ἐωυτοῦς
985 658 1043 717 δὲ
1090 658 1355 739 γενέσθαι
1407 658 1659 735 τοσούτῳ
1699 657 1898 716 ἐκείνων

317 744 517 821 ἄνδρας
558 744 865 821 ἀμείνονας,
908 745 1026 824 ὅσῳ
1073 746 1281 823 παρεὸν
1330 744 1555 804 αὐτοῖσι
1596 744 1902 803 ἀποκτεῖναι

311 831 440 895 τούς
477 833 816 914 Πελασγοὺς
859 834 1007 913 (ἐπεί
1046 840 1231 908 σφεας
1268 833 1480 909 ἔλαβον
1523 831 1889 908 ἐπιβουλεύονι

313 921 434 1000 τας)
464 918 564 979 οὐκ
591 921 878 996 ἐθελῆσαι,
908 919 1067 979 ἄλλοί
1094 927 1207 996 σφι
1249 924 1535 996 προειπεῖν
1571 924 1632 978 ἐκ
1673 922 1769 994 τῆς
1802 922 1890 997 γῆι

319 1007 537 1077 ἐξιέναι·
580 1006 713 1071 τούς
753 1008 813 1067 δὲ
861 1007 1003 1068 οὕτω
1049 1008 1119 1083 δὴ
1168 1007 1610 1085 ἐκχωρήσαντας,
1658 1006 1808 1065 ἄλλα
1843 1030 1900 1064 τε

316 1098 480 1174 σχεῖν
525 1096 704 1174 χωρία
747 1097 839 1155 καὶ
881 1095 949 1171 δὴ
997 1097 1091 1154 καὶ
1136 1099 1388 1171 Λῆμνον.
1471 1098 1649 1154 ἐκεῖνα
1694 1096 1795 1170 μὲν
1838 1091 1901 1167 δὴ

224 1183 336 1241 138
350 1182 640 1246 Ἑκαταῖος
676 1183 845 1253 ἔλεξε,
872 1187 1049 1243 ταῦτα
1086 1183 1144 1243 δὲ
1180 1181 1468 1257 Ἀθηναῖοι
1499 1183 1754 1262 λέγουσι.
1835 1183 1904 1238 Οἱ

317 1271 376 1329 δὲ
431 1272 730 1351 Πελασγοὶ
789 1269 942 1331 οὗτοι
992 1275 1224 1347 Λῆμνον
1279 1269 1408 1330 τότε
1458 1269 1768 1346 νεμόμενοι,
1822 1268 1909 1326 καὶ

313 1359 658 1434 βουλόμενοι
698 1358 828 1421 τούς
871 1357 1201 1434 Ἀθηναίους
1244 1356 1692 1434 τιμωρήσασθαι,
1740 1355 1801 1415 εὖ
1850 1381 1910 1414 τε

319 1443 742 1519 ἐξεπιστάμενοι
772 1444 873 1506 τοὶς
897 1443 1203 1520 Ἀθηναίων
1243 1443 1425 1521 ὁρτὰς,
1454 1444 1914 1521 πεντηκοντέρους

303 1529 661 1618 ,στησάμενοι
703 1529 990 1609 ἐλόχησαν
1023 1531 1308 1608 Ἀρτέμιδι
1336 1537 1393 1591 ἐν
1420 1535 1711 1608 Βραυρῶνι
1751 1530 1912 1612 ἀγού-

315 1642 423 1681 σας
448 1616 617 1700 ὅρτήν
646 1618 747 1681 τοὶς
772 1623 881 1679 τῶν
908 1617 1216 1695 Ἀθηναίων
1254 1623 1537 1699 γυναῖκας·
1581 1620 1828 1679 ἐνθεῦτεν
1855 1620 1928 1677 δὲ·

320 1704 674 1783 ἁρπάσαντες
711 1707 947 1767 τουτέων
986 1707 1213 1769 πολλσῖς
1255 1706 1478 1785 οἴχοντο
1521 1705 1912 1770 ἀποπλέοντες·

315 1793 414 1851 καί
434 1799 620 1872 σφεας
647 1798 701 1858 ἐς
719 1798 951 1871 Λῆμνον
979 1793 1285 1875 ἀγαγόντες
1310 1794 1609 1858 παλλακὰς
1637 1795 1807 1873 εἶχον·
1845 1794 1913 1859 ὦς

320 1880 380 1939 δὲ
412 1880 613 1941 τέκνων
651 1879 814 1942 αὗται
854 1886 912 1941 αἶ
951 1886 1205 1964 γυναῖκες
1231 1882 1703 1958 ὑπεπλήσθησαν,
1730 1885 1911 1962 γλῶσ-

318 1968 428 2028 σάν
474 1995 535 2028 τε
580 1969 682 2045 τὴν
726 1968 987 2044 Ἀττικὴν
1034 1970 1128 2028 καὶ
1174 1968 1415 2046 τρόπους
1459 1973 1569 2029 τῶν
1615 1969 1914 2045 Ἀθηναίων

318 2055 608 2115 ἐδῶασκον
647 2056 776 2118 τούς
820 2056 1048 2119 παῖδας·
1107 2058 1160 2115 οἶ
1208 2057 1267 2115 δὲ
1317 2056 1446 2117 οὔτε
1482 2058 1913 2137 ,συμμίσγεσθαι

314 2145 469 2202 τοῖσι
512 2148 572 2201 ἐκ
613 2146 723 2202 τῶν
760 2145 1131 2224 Πελασγίδων
1173 2149 1448 2225 γυναικῶν
1487 2146 1656 2204 παισὶ
1694 2143 1908 2220 ἤθελον,

321 2230 372 2287 εἴ
395 2254 458 2288 τε
482 2228 745 2290 τύπτοιτό
769 2254 853 2293 τις
880 2230 1061 2291 αὐτῶν
1085 2231 1176 2291 ὕπ’
1206 2232 1423 2291 ἐκείνων
1455 2231 1622 2302 τινὰς,
1651 2230 1912 2308 ἐβοήθεόν

316 2340 380 2376 τε
414 2314 623 2378 πάντες
656 2317 750 2375 καὶ
789 2318 1083 2395 ἐτιμώρεον
1115 2317 1448 2395 ἀλλήλοισι·
1491 2320 1584 2378 καὶ
1609 2319 1678 2394 δὴ
1704 2318 1792 2376 καὶ
1817 2317 1909 2394 ἅρ-

322 2428 446 2482 χειν
475 2428 538 2462 τε
568 2407 678 2463 τῶν
713 2405 921 2464 παίδων
961 2408 1016 2464 οἱ
1050 2406 1241 2468 παῖδες
1268 2406 1550 2479 ἐδικαίευν,
1582 2407 1675 2465 καὶ
1700 2406 1909 2465 πολλὸν

323 2490 672 2567 ἐπεκράτεον·
724 2491 996 2569 μαθόντες
1036 2492 1096 2551 δὲ
1137 2498 1314 2554 ταῦτα
1356 2497 1411 2553 οἱ
1454 2494 1754 2575 Πελασγοὶ
1792 2496 1907 2552 ἑωυ-

318 2582 471 2638 τοῖσι
517 2578 724 2659 λόγους
767 2579 1043 2640 ἐδίδοσαν·
1099 2581 1197 2640 καί
1234 2586 1413 2655 σφισι
1452 2581 1905 2657 βουλευομένοισι

319 2664 496 2725 δεινόν
520 2691 578 2725 τι
604 2666 842 2735 ἐσέδυνε,
872 2670 920 2727 εἰ
946 2666 1015 2742 δὴ
1042 2667 1459 2749 διαγινώσκοιεν
1494 2669 1673 2745 σφίσι
1696 2694 1757 2728 τε
1775 2668 1905 2743 βοη-

320 2754 464 2813 θέειν
503 2757 556 2812 οἱ
590 2754 782 2817 παῖδες
817 2754 961 2831 πρὸς
994 2760 1106 2816 τῶν
1143 2756 1456 2832 κουριδιέων
1490 2759 1760 2838 γυναικῶν
1787 2754 1905 2818 τούς

317 2841 533 2909 παῖδας,
579 2841 672 2900 καὶ
712 2840 922 2901 τούτων
964 2842 1161 2902 αὐτίκα
1202 2841 1395 2921 ἄρχειν
1429 2843 1720 2923 πειρῴατο,
1753 2844 1807 2904 τί
1840 2840 1903 2918 δὴ

321 2927 688 3005 ἀνδρωθέντες
727 2927 893 3003 &ow
939 2929 1284 3006 ποιήσουσι,
1328 2932 1571 2992 ἐνθαῦτα
1617 2931 1769 3002 ἔδοξέ
1804 2937 1907 3006 σφι

322 3018 551 3077 κτείνειν
570 3014 701 3079 τούς
715 3015 917 3079 παῖδας
941 3016 1071 3079 τούς
1095 3022 1157 3076 ἐκ
1182 3020 1292 3078 τῶν
1315 3017 1612 3080 Ἀττικέων
1635 3024 1906 3102 γυναικῶν·

319 3109 545 3165 ποιεῦσι
588 3103 657 3180 δή
700 3107 891 3175 ταῦτα,
937 3105 1450 3181 προσαπολλύουσι
1494 3106 1556 3166 δέ
1595 3114 1785 3184 σφεων
1824 3108 1906 3166 καὶ

319 3191 419 3255 τοῖς
466 3192 726 3270 μητέρας.
807 3189 921 3252 α’πό
970 3193 1172 3252 τούτου
1221 3194 1281 3253 δὲ
1323 3199 1427 3255 τοῦ
1474 3197 1640 3277 ἔργου
1690 3198 1777 3256 καὶ
1815 3201 1906 3256 τοῦ
