2100 3409
203 68 505 134 192-197]
843 71 1217 124 ΠοΛτΜΝῙΑ.
1723 75 1816 126 201

204 152 540 213 δικαστέων·
594 148 627 210 ὅ
669 150 960 227 Σανδώκης
1002 151 1093 212 ἐπὶ
1134 149 1395 231 χρήμασι
1435 149 1628 213 ἄδικον
1665 154 1822 231 δίκην

205 241 460 300 ἐδίκασε·
505 237 1019 315 ἀνακρεμασθέντος
1055 238 1128 300 ὧν
1169 239 1357 309 αὐτοῦ,
1396 240 1754 320 λογιζόμενος
1788 241 1821 302 ὅ

206 331 456 403 Δαρεῖος
494 324 620 402 εὗρέ
651 328 705 385 οἱ
737 327 890 385 πλέω
923 327 1109 407 ἀγαθοῖ
1145 331 1257 388 τῶν
1288 327 1697 404 ἁμαρτημάτων
1727 354 1820 387 πε-

205 415 494 491 ποιημένα
521 419 577 477 ἐς
604 414 758 474 οἶκον
790 414 892 474 τᾶν
919 415 1252 491 βασιλήϊον·
1296 415 1468 493 εἰρῶν
1495 416 1554 475 δὲ
1589 419 1754 475 τοῦτο
1790 416 1823 476 ὅ

208 505 474 579 Δαρεῖος,
504 503 595 561 καὶ
631 500 798 583 γνοῧς
834 501 906 565 οἷς
940 502 1218 581 ταχύτερα
1251 503 1419 568 αὐτὰς
1455 502 1493 580 ἢ
1524 503 1823 581 σοφώτερα

212 589 563 672 ἐργασμένος
616 590 716 665 εἴη,
761 591 946 650 ἔλυσε.
1028 592 1285 667 βασιλέα
1328 593 1431 668 μὲν
1471 591 1540 668 δὴ
1581 597 1825 670 Δαρεῖον

213 677 362 738 οὕτω
404 677 688 758 διαφυγών
725 677 806 754 μή
849 677 1185 748 ἀπολέσθαι,
1226 683 1441 757 περιῆν·
1496 680 1624 740 τότε
1672 681 1730 739 δὲ
1771 686 1826 745 ἐς

210 764 346 828 τούς
377 765 666 841 Ἕλληνας
697 765 1090 836 καταπλώσας,
1128 768 1331 843 ἔμελλε
1367 767 1431 827 οὗ
1471 767 1537 827 τό
1575 768 1825 846 δεύτερον

214 852 508 933 διαφυγών
529 855 778 914 ἔσεσθαι·
811 854 880 917 ὥς
899 853 1009 934 γάρ
1028 861 1213 931 σφεας
1234 855 1380 915 εἶδον
1400 857 1827 932 προσπλέοντας

216 945 274 1000 οἱ
305 941 598 1015 Ἕλληνες,
639 941 912 1018 μαθόντες
952 941 1132 1003 αὐτῶν
1171 943 1275 1019 τὴν
1313 944 1610 1024 γινομένην
1650 944 1825 1022 ἅμαρ-

215 1028 378 1098 τάδα,
437 1030 852 1109 ἐπαναχθέντες,
896 1029 1158 1112 εὐπετέως
1212 1031 1396 1106 σφέας
1440 1031 1608 1091 εἶλον.
1690 1033 1787 1092 Ἐν
1806 1033 1918 1092 195

215 1118 460 1177 τουτέων
497 1120 600 1195 μιῇ
638 1116 926 1194 Ἀρίδωλις
965 1118 1152 1178 πλέων
1191 1117 1327 1193 ἥλω,
1356 1118 1618 1195 τύραννος
1657 1118 1826 1178 Ἀλα-

217 1204 448 1282 βάνδων
498 1209 606 1264 τῶν
659 1209 716 1264 ἐν
771 1206 974 1283 Καρίῃ·
1028 1210 1104 1286 ,ἐν
1163 1207 1320 1285 ἑτέρῃ
1374 1205 1449 1274 δὲ,
1511 1205 1543 1265 ὁ
1599 1207 1827 1282 Ποῖφιος

219 1292 542 1373 στρατηγὸς
576 1292 871 1355 Πενθύλος
898 1292 929 1352 ὁ
960 1292 1273 1369 Δημονόου,
1305 1293 1368 1357 ὃς
1407 1292 1513 1375 ἦγε
1551 1296 1655 1370 μὲν
1696 1294 1825 1354 δυώ-

220 1380 356 1439 δεκα
411 1385 546 1456 νῆας
599 1386 660 1439 ἐκ
713 1381 941 1456 Πάφου,
998 1381 1312 1459 ἀποβαλων
1366 1382 1429 1441 δέ
1477 1382 1674 1459 σφεων
1726 1380 1828 1446 τοὶς

222 1468 419 1527 ἕνδεκα
443 1472 518 1546 τῷ
547 1473 775 1551 χειμῶνι
808 1473 886 1547 τῷ
923 1472 1200 1549 γενομένῳ
1241 1470 1381 1530 κατὰ
1425 1471 1697 1547 Σηπιάδα,
1722 1475 1828 1550 μιῇ

218 1560 296 1634 τῇ
336 1557 732 1635 περιγενομένῃ
781 1558 1106 1616 καταπλέων
1154 1557 1237 1615 ἐπ’
1277 1558 1634 1634 Ἀρτεμίσιον
1687 1558 1827 1632 ἥλω.

218 1643 455 1705 τούτους
496 1646 548 1701 οἱ
576 1642 870 1719 Ἕλληνες,
903 1644 1364 1720 ἐξιστορήσαντες
1402 1643 1474 1704 τοὶ
1516 1645 1825 1720 ἐβούλοντο

220 1733 510 1792 πυθέσθαι
562 1729 672 1790 ‹in-6
712 1735 812 1808 τῆς
853 1732 1068 1808 Ξέρξεω
1111 1735 1393 1809 στρατιῆς,
1429 1731 1831 1809 ἀποπέμπουσι

222 1820 547 1896 δεδεμένους
573 1826 627 1882 ἐς
650 1819 748 1879 τόν
770 1819 1078 1896 Κορινθίων
1102 1818 1352 1895 Ἰσθμόν.

307 1907 379 1966 ‘O
422 1910 525 1984 μὲν
566 1906 631 1982 δή
671 1907 924 1971 ναυτικὰς
964 1906 996 1967 ὅ
1035 1911 1146 1966 τῶν
1175 1905 1489 1983 βαρβάρων
1524 1907 1781 1984 στρατὸς,
1807 1911 1921 1968 196

222 1995 412 2073 πάρεξ
447 1999 556 2055 τῶν
595 1995 981 2054 πεντεκαίδεκα
1020 2000 1157 2057 νεῶν
1194 1999 1305 2055 τῶν
1346 1995 1503 2055 εἶπον
1540 1995 1830 2058 Σανδώκεα

227 2084 613 2164 στρατηγέειν,
647 2082 874 2143 ἀπίκετο
909 2089 964 2147 ἐς
997 2083 1261 2159 Ἀφέτας.
1344 2082 1555 2158 Ξέρξης
1585 2082 1646 2140 δὲ
1677 2083 1768 2140 καὶ
1799 2082 1831 2142 ὁ

226 2172 412 2245 πεζὸς,
442 2172 727 2248 πορευθεὶς
757 2170 847 2230 διὰ
884 2173 1210 2247 Θεσάαλίης
1251 2172 1342 2230 καὶ
1367 2170 1635 2250 Ἀχαιίης,
1666 2173 1831 2247 ἐσβε-

227 2258 464 2337 βληκὼς
489 2258 559 2335 ἦν
587 2259 677 2317 καὶ
705 2257 772 2334 δὴ
792 2262 1035 2337 τριταῖος
1063 2263 1117 2322 ἐς
1137 2260 1412 2335 Μηλιέας·
1456 2265 1515 2318 ἐν
1534 2260 1831 2337 Θεσσαλίῃ

227 2351 335 2426 μὲν
373 2346 624 2423 ἅμιλλαν
663 2346 1040 2422 ποιησάμενος
1073 2346 1254 2405 ἵππων
1284 2351 1394 2405 τῶν
1435 2351 1652 2419 ἑωυτοῦ,
1696 2346 1834 2405 α’πο·

229 2434 568 2512 πειρώμενος
617 2435 710 2492 καὶ
761 2438 861 2509 τῆς
913 2434 1240 2508 Θεσσαλίης
1287 2434 1474 2502 ἵππου,
1523 2434 1834 2510 πυθόμενος

231 2524 304 2587 ὥς
332 2524 539 2600 οἷρίστη
562 2524 645 2598 εἴη
670 2526 781 2583 τῶν
802 2529 860 2582 ἐν
876 2523 1151 2598 Ἐλληο-ι·
1188 2522 1317 2581 ἔνθα
1344 2520 1412 2596 δὴ
1433 2524 1492 2579 αἶ
1509 2521 1835 2596 Ἑλληνίδες

233 2611 400 2670 ἵπποι
428 2613 689 2671 ἐλίποντο
713 2609 948 2670 πολλόν.
1035 2613 1146 2669 τῶν
1180 2609 1302 2686 μέν’
1319 2633 1415 2668 νυν
1448 2611 1506 2667 ἐν
1537 2612 1835 2688 Θεσσαλίῃ

231 2702 521 2776 ποταμῶν,
580 2698 890 2778 Ὀνόχωνος
968 2701 1175 2774 μοῦνος
1243 2692 1351 2755 οὐκ
1410 2694 1699 2775 ἀπέχρησε
1764 2702 1835 2775 τῇ

231 2789 477 2865 στρατιῇ
522 2786 587 2846 τὰ
630 2786 872 2863 ῥέεθρον,
914 2783 1225 2861 πινόμενος·
1267 2788 1378 2843 τῶν
1414 2783 1473 2841 δὲ
1511 2789 1569 2844 ἐν
1613 2782 1837 2862 Ἀχαιίῃ

231 2879 506 2950 ποταμῶν
531 2877 778 2950 ῥεοντων,
810 2872 937 2933 οὐδὲ
962 2872 1119 2934 ὅστις
1151 2871 1183 2931 ὅ
1208 2872 1477 2952 μέγιστος
1512 2871 1689 2931 αὐτῶν
1715 2871 1838 2928 ἐστὶ

231 2961 560 3033 Ἠπιδανός,
591 2959 717 3020 οὐδὲ
745 2959 906 3025 οὗτος
930 2959 1186 3037 ἀντέσχε,
1219 2963 1265 3018 εἰ
1290 2959 1371 3035 μή
1401 2958 1680 3033 φλαύρως.

318 3049 417 3111 Ἐς
446 3047 630 3106 Ἀλον
663 3049 723 3107 δὲ
763 3053 864 3125 τῆς
889 3046 1145 3128 Ἀχαιίης
1177 3046 1489 3122 ἀπικομένῳ
1521 3042 1717 3116 Ξέρξῃ,
1746 3041 1799 3095 Οἶ
1820 3041 1933 3099 197

229 3135 615 3216 ’κατηγεμόνες
638 3141 739 3212 τῆς
764 3136 896 3197 ὁδοῦ
915 3133 1261 3212 βουλόμενοι
1277 3133 1343 3193 τὸ
1364 3136 1476 3190 πᾶν
1496 3125 1837 3208 ἐξηγέεσθαι,

235 3221 445 3308 ἔλεγόν
491 3226 544 3283 οἱ
586 3224 880 3303 ἐπιχώριον
932 3221 1125 3303 λόγον,
1167 3221 1239 3281 τοὶ
1291 3219 1420 3295 περὶ
1463 3215 1530 3276 τὸ
1579 3212 1697 3292 ἶρόν
1740 3215 1842 3272 τοῦ
