2100 3409
241 0 563 56 1-88-1911
718 0 726 5 ·
904 0 1179 40 ΠοΛΤΜΝ
1187 0 1274 41 [Δ.
1522 0 1529 6 ·
1787 0 1879 47 199

240 75 319 133 δὲ
355 76 419 134 ἐς
441 69 1283 148 Κασθαναίηνέξεβράσσοντο·
1321 70 1394 148 ἦν
1413 98 1474 132 τε
1492 77 1593 133 τοῦ
1615 79 1886 154 χειμῶνος

240 166 473 240 χρῆμα
486 158 807 239 -οἷφόρητον,
891 161 1131 239 Λέγεται
1157 159 1217 219 δὲ
1248 158 1435 241 λόγος,
1467 160 1535 222 ὥς
1560 160 1844 239 Ἀθηναῖοι
1864 167 1976 224 189

242 250 375 308 τὸν
416 252 607 325 Βορῆν
648 252 708 306 ἐκ
759 249 1096 325 θεοπροπίου
1151 248 1581 318 ἐπεκαλέσαντο,
1626 249 1884 313 ἐλθόντος

246 344 386 413 σφι
430 336 616 395 ἄλλου
656 336 1002 415 χρηστηρίου
1035 337 1135 395 τᾶν
1173 335 1438 418 γαμβρόν
1474 337 1763 413 ἐπίκουρον
1791 365 1882 397 κα·

248 426 582 484 λέσασθαι·
654 428 837 500 Βορῆς
886 425 958 496 δὲ,
1013 424 1152 482 κατοὶ
1204 424 1304 483 τὸν
1355 422 1644 499 Ἑλλήνων
1690 424 1880 506 λόγον,

252 515 389 592 ἔχει
449 516 687 594 γυναῖκα
740 510 1000 586 Ἀττικὴν
1050 511 1363 588 Ὠρείθυιαν
1413 511 1516 588 τὴν
1567 512 1880 592 Ἐρεχθέος·

240 602 415 660 -καταῖ
454 601 522 676 δή
560 601 628 661 τὰ
669 601 831 675 κῆδος
863 605 1030 659 τοῦτο
1065 602 1117 658 οἶ
1147 598 1452 675 Ἀθηναῖοι,
1482 599 1552 663 ὦς
1590 600 1756 676 φάτις
1783 600 1883 679 ὥρ-

253 714 462 764 μηται,
522 687 1002 765 συμβαλλόμενοί
1056 694 1167 762 σφι
1219 686 1317 747 τόν
1370 692 1557 765 Βορῆν
1616 690 1882 769 γαμβρὸν

261 777 430 845 εἶναι,
487 779 887 856 ναυλοχέοντες
938 781 1037 851 τῆς
1082 775 1334 851 Εὐβοίης
1389 780 1446 833 ἐν
1498 778 1756 846 Χαλκίδι,
1813 777 1883 841 ὦς

261 865 484 941 ἔμαθον
517 865 821 941 αὐξόμενον
858 865 956 924 τόν
996 869 1257 943 χειμῶνα,
1286 863 1346 944 (ἢ
1374 866 1465 923 καὶ
1491 863 1601 941 πρό
1636 865 1880 947 ‘roffi-om)

262 950 505 1012 ἐθύοντό
539 979 602 1012 τε
638 955 728 1011 καὶ
765 954 1132 1011 ἐπεκαλέοντο
1174 952 1273 1012 τόν
1315 978 1378 1012 τε
1415 958 1602 1029 Βορῆν
1646 955 1736 1013 καὶ
1775 954 1879 1030 τήν

259 1037 605 1117 Ὠρείθυιαν,
633 1042 953 1117 τιμωρῆσαί
981 1048 1094 1115 σφι
1128 1041 1217 1098 καὶ
1255 1041 1574 1117 διαφθεῖραι
1603 1046 1712 1100 τῶν
1736 1043 1878 1118 βαρ-

261 1126 469 1204 βάρων
509 1130 608 1190 ταῖς
649 1130 787 1198 νέας,
830 1129 900 1191 ὦς
942 1129 1032 1187 καὶ
1074 1127 1345 1204 πρότερον
1383 1130 1511 1204 περὶ
1568 1130 1749 1187 Αθων.
1834 1134 1881 1187 εἰ

262 1215 376 1291 μέν
431 1241 528 1275 νυν
583 1215 672 1274 διὰ
713 1222 887 1276 ταῦτα
939 1220 1094 1275 τοῖσι
1138 1214 1496 1292 βαρβάροισι
1538 1215 1807 1291 ὁρμέουσι
1846 1216 1877 1276 ὁ

264 1305 459 1380 βορῆς
502 1305 758 1374 ἐπέπεσε,
790 1305 887 1362 οὐκ
931 1306 1036 1383 ἔχω
1081 1307 1272 1363 εἰπεῖν·
1316 1306 1370 1361 οἱ
1406 1302 1451 1362 δ’
1496 1302 1567 1362 ὧν
1593 1301 1884 1378 Ἀθηναῖοί

266 1397 386 1466 σφι
428 1392 665 1473 λέγουσι
700 1392 1075 1468 βοηθήσαντα
1108 1392 1208 1452 τόν
1239 1396 1428 1468 Βορῆν
1458 1391 1744 1469 πρότερον,
1787 1391 1881 1451 καὶ

264 1477 402 1538 τότε
455 1483 632 1538 ἐκεῖνα
681 1480 1158 1562 κατεργάσασθαι·
1228 1481 1319 1539 καὶ
1369 1479 1486 1556 ἶρόν
1539 1479 1879 1544 ἀπελθόντες

268 1568 466 1643 Βορέω
497 1568 792 1645 ἱδρύσαντο
818 1569 971 1647 παροὶ
997 1568 1256 1646 ποταμόν
1278 1567 1548 1628 Ἰλισσόν.

371 1652 472 1715 Ἐν
496 1682 671 1736 τουτῳ
707 1662 784 1736 τῷ
811 1658 962 1743 πόνῳ
994 1658 1121 1720 νέας
1161 1656 1214 1715 οἳ
1256 1657 1561 1734 ἐλαχίστας
1601 1656 1837 1736 λέγουσι
1857 1658 1972 1715 190

267 1743 670 1821 διαφθαρῆναι,
691 1746 1092 1823 τετρακοσιέων
1120 1769 1220 1803 ουκ
1247 1744 1567 1804 ἐλάσσονας
1592 1740 1792 1819 ανδρας
1816 1769 1878 1802 τε

267 1830 698 1908 ἀναριθμήτους,
737 1858 1037 1911 χρηματων
1067 1858 1129 1891 τε
1165 1831 1385 1905 πλῆθος
1421 1828 1690 1904 αφθονον*
1733 1855 1879 1889 ωστε

267 1919 627 1995 Ἀμεινοκλέϊ
650 1925 726 1999 τῷ
765 1921 1049 1998 Κρητίνεω
1085 1918 1243 1995 ανδρὶ
1279 1916 1560 2030 Μάγνητι,
1584 1917 1879 1996 γηοχέοντι

268 2008 403 2083 περὶ
442 2008 713 2084 Σηπιάδα,
750 2009 1010 2090 μεγάλως
1040 2007 1079 2084 ἦ
1115 2006 1349 2116 ναυηγίη
1379 2004 1595 2087 ἐγένετο
1630 2004 1875 2117 χρηστή·

269 2119 336 2156 ος
380 2095 573 2154 πολλοὶ
617 2099 722 2172 μὲν
763 2096 979 2174 χρύσεα
1025 2094 1267 2172 ποτήρια
1310 2092 1524 2172 υστέρω
1564 2091 1746 2171 χρόνῳ
1794 2097 1877 2152 ἐκ-

269 2182 652 2259 βρασσόμενα
679 2183 946 2252 ἀνείλετο,
967 2183 1163 2243 πολλα
1189 2180 1303 2241 δὲ’
1268 2181 1528 2262 αργύρεα·
1563 2179 1878 2290 θησαυρούς

266 2295 337 2328 τε
367 2274 477 2329 τῶν
502 2272 771 2348 Περσέων
812 2269 951 2348 εὗρε,
979 2271 1134 2331 ἄλλα
1172 2294 1235 2330 τε
1273 2262 1712 2348 χρύσεωαφατα
1742 2269 1877 2349 χρή-

271 2382 426 2433 ματα
450 2358 879 2435 περιεβαλλετο.
965 2357 1122 2438 (ἀλλ’
1159 2385 1191 2416 ο
1227 2360 1331 2434 μὲν
1364 2356 1554 2416 τᾶλλα
1590 2382 1690 2417 ουκ
1723 2357 1875 2418 εὔτυ-

272 2444 431 2523 χέων,
471 2446 748 2523 ευρήμασι
781 2447 929 2527 μέγα
965 2445 1244 2507 πλούσιος
1279 2445 1514 2524 ἐγένετο·
1556 2443 1626 2520 ἦν
1655 2444 1768 2526 γάρ
1791 2471 1877 2508 τις

274 2532 366 2590 καὶ
407 2538 607 2593 τοῦτον
647 2533 846 2613 ἄχαρις
881 2532 1153 2611 συμφορη
1194 2533 1456 2590 λυπεῦσα
1489 2531 1873 2611 παιδοφόνος)

276 2621 608 2702 Σιταγωγῶν
659 2622 720 2681 δε
771 2614 1024 2681 ὁλκάδων
1079 2620 1171 2679 καὶ
1215 2643 1327 2679 των
1378 2616 1571 2678 αλλων
1620 2620 1833 2679 πλοίων
1853 2617 1962 2678 191

275 2704 742 2787 διαφθειρομένων
781 2708 881 2768 οὔκ
921 2713 1062 2784 ἐπῆν
1095 2705 1350 2785 ἀριθμός·
1408 2704 1552 2766 ὥστε
1593 2705 1874 2769 ὃεισαντες

275 2798 327 2854 οῖ
346 2798 662 2879 στρατηγοι
685 2801 786 2858 τοῦ
810 2801 1068 2858 ναυτικοῦ
1099 2797 1348 2872 στρατοῦ
1378 2793 1460 2871 μή
1496 2800 1610 2870 σφι
1641 2820 1873 2853 κεκακω-

272 2884 492 2959 μένοισι
538 2886 860 2946 ἐπιθέωνται
900 2889 954 2945 οῖ
992 2883 1304 2956 Θεσσαλοὶ,
1351 2882 1505 2959 ἕρκος
1543 2878 1763 2958 υψηλον
1811 2885 1874 2944 ἐκ

272 2975 381 3031 τῶν
418 2974 693 3055 ναυηγίων
736 2973 1166 3051 περιεβάλοντο·
1220 2969 1430 3048 ἡμέρας
1468 2968 1578 3048 γὰρ
1619 2965 1689 3037 δὴ
1731 2967 1869 3043 ἐχεί-

273 3060 411 3138 μαζε
434 3067 600 3138 τρεῖς·
641 3063 806 3126 τέλος
830 3063 909 3134 δὲ,
936 3059 1140 3139 ἔντομά
1157 3082 1221 3120 τε
1239 3062 1518 3117 ποιεῦντες
1545 3050 1637 3110 καὶ
1658 3053 1871 3111 καταεί-

275 3148 457 3222 δοντες
480 3149 655 3229 γόησι
689 3154 766 3229 τῷ
792 3150 974 3231 ἀνέμῳ
1009 3153 1063 3209 οἱ
1095 3146 1308 3227 Μαγοι,
1334 3138 1476 3218 πρός
1509 3162 1573 3199 τε
1601 3135 1870 3208 τούτοισι,
