2100 3409
92 47 130 90 ‘l
691 47 703 67 ⁸
716 41 1065 91 ΗΡΟΔΟΤΟΤ

22 122 59 178 3
168 118 420 195 Θρηικων
445 118 505 178 δὲ
539 119 694 183 ἔθνος
728 118 1002 201 μέγιστόν
1035 124 1175 190 ἐστι,
1203 117 1347 198 μετά
1376 145 1446 201 γε
1469 118 1694 190 Ἰνδους,

88 205 309 267 πάντων
335 206 679 284 ἀνθρώπων·
701 212 749 267 εἰ
779 206 900 266 δὲ’
864 207 959 267 υπ’
987 206 1107 270 ἐνος
1141 206 1372 286 ἄρχοιτο
1400 205 1437 284 ἢ
1464 209 1697 285 φρονέοι

90 294 231 354 κατὰ
265 294 459 365 τωῦτό,
488 294 710 375 ἄμαχόν
741 295 790 357 τ’
816 293 886 357 ἂν
918 296 1002 371 εἴη
1036 296 1129 354 καὶ
1164 298 1366 374 πολλῶ
1393 295 1698 372 κράτιστον

89 382 320 443 πάντων
350 384 564 453 ἐθνέων,
602 410 742 445 κατα
776 383 1003 465 γνώμην
1039 383 1147 459 τὴν
1188 382 1344 460 ἐμήν·
1389 383 1542 443 ἅλλα
1583 412 1696 466 γαρ

87 475 253 531 τοῦτο
286 471 501 554 ἄπορόν
528 478 641 548 σφι
672 473 764 531 καὶ
798 471 1092 552 α’,μήχανον
1116 470 1198 549 μή
1226 497 1354 531 κοτε
1386 473 1694 553 ἐγγένηται,

90 559 201 618 εἰσὶ
238 557 307 635 δη
348 558 488 619 κατοῖ
521 563 689 621 τοῦτο
725 559 999 624 ασθενέες.
1074 558 1358 637 οὐνόματα
1400 560 1459 620 δὲ
1499 563 1696 620 πολλα

89 648 284 726 ἔχουσι
316 673 458 707 κατα
482 648 668 727 χώρας
696 648 942 709 ἔκαστοι·
986 647 1214 725 νόμοισι
1247 648 1307 706 δὲ
1335 645 1490 708 οὗτοι
1516 674 1695 726 παρα.-

85 736 391 811 πλησίοισι
409 735 612 799 πάντες
630 737 899 815 χρέωνται
921 736 1064 797 καταῖ
1084 735 1284 804 πάντα,
1306 735 1462 812 πλὴν
1481 728 1694 797 Γετέων

89 824 180 881 καὶ
207 827 478 901 Τραυσῶν
505 825 597 883 καὶ
627 828 737 885 τῶν
766 824 1074 901 κατύπερθε
1110 825 1525 934 Κρηστωναίων
1551 829 1692 885 οἰκε-

19 910 115 969 4’
83 937 273 972 οντων.
354 911 575 972 Τουτων
615 912 675 972 δὲ
712 939 785 973 τα
826 914 929 988 μὲν
968 913 1137 971 Γέται
1179 914 1232 971 οἱ
1273 911 1692 983 ἀθανατίζοντες

87 1004 327 1070 ποιεῦσι,
352 1000 568 1076 εἴρηταί
587 1025 705 1076 μοι.
762 1001 1011 1079 Τραυσοι
1031 1000 1093 1059 δὲ
1110 1026 1182 1059 τα
1208 1001 1312 1076 μὲν
1332 998 1487 1058 ἅλλα
1507 999 1692 1060 πάντα

88 1113 230 1147 κατα
258 1114 434 1158 ταυτα
464 1092 617 1148 τοῖσι
654 1087 890 1147 ἄλλοισι
926 1094 1009 1165 Θρ
1049 1088 1104 1158 ξὶ
1144 1087 1512 1157 ἐπιτελέουσι,
1547 1114 1690 1148 κατα

87 1174 147 1233 δὲ
197 1202 299 1236 τον
349 1175 642 1257 γινόμενόν
694 1182 806 1252 σφι
858 1177 951 1235 καὶ
1005 1175 1412 1257 απογινόμενον
1464 1179 1689 1236 ποὶεῦσι

85 1263 289 1323 τοιάδε·
336 1263 436 1324 τὰν
476 1266 580 1341 μὲν
617 1264 917 1346 γενόμενον
961 1263 1332 1340 περιῖζόμενοι
1376 1266 1429 1322 οἱ
1469 1263 1688 1341 προσή-

86 1376 271 1415 κοντες
318 1351 713 1429 ὀλοφύρονται,
762 1352 874 1412 ὅσα
919 1377 1017 1428 μιν
1064 1351 1150 1410 δεῖ
1195 1352 1320 1410 ἐπεί
1358 1376 1420 1411 τε
1468 1352 1689 1432 ἐγένετο

84 1438 412 1515 ἀναπλῆσαι
447 1440 606 1510 κακιὶ,
636 1439 999 1522 α’νηγεόμενοι
1038 1439 1111 1499 τὰ
1153 1437 1473 1516 ἀνθρωπήϊα
1503 1439 1688 1499 πάντα

84 1526 285 1587 πάθεα·
311 1527 411 1588 τόν
431 1527 477 1587 δ’
494 1526 906 1609 ἀπογενόμενον
924 1527 1213 1598 παίζοντές
1231 1552 1293 1586 τε
1314 1527 1406 1585 καὶ
1425 1526 1688 1604 ἡδόμενοι

83 1618 173 1694 γῇ.
195 1614 517 1693 κρύπτουσι,
546 1615 898 1696 ἐπιλέγοντες
927 1612 1080 1675 ὅσων
1115 1618 1296 1674 κακῶν
1329 1615 1685 1695 ἐξαπαλλαχ-

14 1703 52 1758 5
80 1702 194 1765 θεὶς
239 1704 363 1763 ἔστι
409 1708 467 1762 ἐν
512 1703 672 1781 πάσῃ
721 1702 1061 1781 εὐδαιμονίῃ.
1144 1705 1218 1762 Οἱ
1265 1703 1325 1762 δὲ
1377 1702 1687 1781 κατύπερθε

84 1791 496 1866 Κρηστωναίων
520 1794 744 1851 ποιεῦσι
775 1790 978 1850 τοιάδε·
1021 1791 1136 1870 ἔχει
1159 1794 1423 1871 γυναῖκας
1451 1789 1687 1855 ἔκαστος

82 1877 324 1941 πολλάς·
361 1879 527 1939 ἐπεοὶν
547 1878 621 1939 ὧν
646 1906 731 1943 τις
758 1878 938 1938 αὐτῶν
957 1878 1233 1956 ἀποθάνῃ,
1266 1879 1447 1956 κρίσις
1470 1878 1686 1958 γίνεται

79 1965 305 2046 μεγάλη
344 1970 454 2025 τῶν
494 1970 768 2045 γυναικῶν
809 1966 900 2024 καὶ
943 1967 1128 2042 φιλων
1168 1967 1412 2025 σπουδαὶ
1455 1968 1684 2044 ἰσχυραὶ

80 2053 210 2128 περὶ
242 2053 420 2121 τοῦδε,
448 2077 571 2128 ητις
607 2053 814 2113 αὐτέων
851 2054 1111 2130 ἐφιλέετο
1145 2053 1402 2130 μάλιστα
1433 2053 1542 2113 ὗπό
1583 2060 1685 2114 τοῦ

78 2138 294 2215 α’νδρός·
334 2139 375 2215 ἢ
415 2138 463 2198 δ’
503 2138 573 2200 ἂν
613 2140 776 2219 κριθῇ
818 2142 910 2199 καὶ
956 2143 1183 2219 τιμηθῇ,
1231 2142 1685 2221 ἐγκωμιασθεῖσα

78 2225 189 2286 ὑπό
219 2251 283 2286 τε
314 2226 529 2304 α’νὸρῶν
556 2229 647 2287 καὶ
672 2232 944 2309 γυναικῶν
970 2227 1252 2303 σφάζεται
1280 2234 1334 2291 ἐς
1363 2228 1463 2288 τᾶν
1497 2228 1686 2303 τάφον

78 2313 188 2374 akra
220 2319 324 2374 τοῦ
352 2313 698 2390 οἰκηῖοτάτου
731 2320 949 2391 ἑωυτῆς,
978 2317 1314 2395 σφιίχθεῖσα
1341 2317 1401 2376 δὲ
1433 2316 1680 2377 συνθάπ-

76 2428 231 2462 τεται
281 2408 358 2481 τῷ
405 2402 578 2480 ἀνδρί·
634 2407 693 2464 αἱ
744 2404 803 2463 δὲ
849 2403 1025 2462 ἅλλαι
1074 2404 1382 2481 συμφορήν
1424 2403 1685 2483 μεγάλην

77 2494 380 2551 ποιεῦνται·
422 2489 628 2555 ὄνειδος
652 2491 905 2572 γάρ’σφι
930 2497 1099 2551 τοῦτο
1125 2493 1399 2571 μέγιστον
1421 2493 1655 2572 γίνεται.

12 2579 47 2636 6
158 2581 280 2638 Τῶν
312 2579 371 2638 δὲ
402 2577 470 2655 δή
498 2577 690 2638 ἄλλων
716 2579 967 2656 Θρηΐκων
996 2579 1120 2638 ἐστὶ
1153 2578 1246 2638 ὅδε
1277 2578 1310 2638 ὁ
1342 2578 1529 2655 νόμος·
1570 2605 1684 2639 πω-

77 2669 243 2725 λεῦσι
281 2666 352 2725 τσῖ
387 2667 554 2726 τέκνα
591 2665 674 2725 ἐπ’
710 2667 983 2747 ἐξαγωγῇ·
1024 2665 1127 2729 τὰς
1167 2667 1226 2726 δὲ
1265 2667 1573 2743 παρθένους
1616 2668 1684 2727 οὗ

79 2754 467 2828 φυλάσσουσι
479 2753 609 2812 ἀλλ’
632 2758 766 2814 ἐῶσι
789 2754 905 2815 οἶσι
925 2754 1087 2814 αὐταὶ
1112 2755 1422 2831 βουλονται
1444 2754 1682 2832 α’νδράσι

16 2845 25 2894 ἱ
76 2840 403 2920 μίσγεσθαι,
446 2867 546 2904 τας
587 2841 646 2899 δὲ
684 2846 948 2921 γυναῖκας
998 2845 1239 2920 ἰσχυρῶς
1285 2842 1681 2916 φυλάσσουσι·

16 2969 23 2994 =
78 2928 168 2986 καὶ
191 2927 445 2989 ὠνέονται
464 2928 563 2991 τοὶς
581 2933 844 3009 γυναῖκας
858 2930 1011 3006 παρὰ
1031 2935 1141 2989 τῶν
1155 2931 1361 3010 γονέων
1375 2929 1684 3008 χρημάτων

14 3005 23 3022 ⁵
77 3015 355 3095 μεγάλων·
398 3017 490 3073 καὶ
525 3042 591 3075 το
633 3041 736 3124 μεν
774 3017 1032 3095 ἐστίχθαι
1072 3016 1285 3096 εὐγενες
1322 3017 1584 3095 κέκριται,
1611 3044 1680 3078 το

83 3100 191 3159 δ”
157 3127 421 3163 αστικτον
458 3102 698 3183 ἀγεννές·
742 3102 917 3183 εἶργον
948 3103 1087 3162 εἶναι
1123 3103 1453 3174 κάλλιστον,
1480 3108 1587 3184 γῆς
1621 3105 1685 3165 δὲ

79 3187 330 3267 ἐργάτην,
359 3189 714 3268 ἀτιμότατον·
730 3190 818 3249 “τὸ
845 3191 946 3269 ζῇν
972 3190 1084 3250 οἷπὸ
1112 3187 1366 3267 πολέμου
1394 3193 1487 3251 καὶ
1513 3196 1683 3269 ληΐσ-

0 3325 87 3344 μ
124 3343 129 3346 .

2059 307 2084 470 ιιι-’.Ι

2093 2193 2094 2198 Α
2093 2147 2094 2152 Α
2093 1903 2096 1936 ΛΑ
2093 1689 2098 1786 -.—
2087 1461 2100 1604 ——fl-
2081 1201 2100 1432 „—..-*„
