2100 3409
213 15 440 80 46—49]
824 15 1230 64 ΤΕΡΨΙΧΟΡΗ.
1767 16 1828 65 21

210 93 464 174 ταγόρης
492 93 654 205 ἔλεγε
679 117 822 169 προς
847 91 1015 154 αὐτὸν
1040 92 1192 152 τάδε·
1234 104 1270 130 “
1289 91 1623 170 Κλεόμενες,
1652 118 1829 154 σπου-

212 182 320 257 δην
342 184 449 258 μὲν
473 180 580 256 τήν
617 183 760 257 ε’μήν
781 180 863 257 μή
892 180 1158 259 θωμάσῃς
1183 185 1286 257 τῆς
1318 181 1555 242 ε’νθαῦτα
1590 180 1827 251 ἀπίξιος·

209 296 290 329 τα
339 269 455 351 γάρ
503 267 816 343 κατήκοντά
865 273 989 328 ἔστι
1034 295 1284 332 τοιαυτα.
1381 268 1577 328 Ἰωνων
1630 269 1833 331 παῖδας

213 356 455 420 δούλους
497 356 638 416 εἶναι
678 354 793 416 ἄντ’
823 358 1126 433 ἐλευθέρων
1157 355 1363 419 ὄνειδος
1394 358 1486 415 καὶ
1522 356 1699 437 ἄλγος
1732 356 1829 432 με’-

211 470 420 524 γιστον
461 446 568 519 μὲν
609 443 834 504 αὐτοῖσι
872 445 1024 521 ἡμῖν,
1070 446 1148 504 ἔτι
1188 445 1248 504 δὲ
1286 449 1397 506 τῶν
1431 449 1647 505 λοιπῶν
1680 443 1828 521 ύμῖν,

211 531 335 611 ὅσῳ
376 533 699 608 προέστατε
738 536 842 608 τῆς
880 531 1173 596 Ἑλλάδος.
1260 535 1358 592 νῦν
1390 531 1478 602 ὧν,
1512 532 1654 609 πρός
1686 533 1828 594 θεῶν

211 623 327 678 τῶν
376 619 709 694 Ἑλληνίων,
763 618 1021 696 ῥύσασθε
1077 618 1273 683 Ἴωνας
1339 625 1400 678 ἐκ
1468 620 1826 695 δουλοσύνης,

213 705 421 784 ἄνδρας
457 705 789 784 ομαίμονας.
874 705 1139 771 εὐπετέως
1178 707 1301 767 δὲ
1268 712 1399 784 υμῖν
1429 711 1605 767 ταῦτα
1637 706 1730 767 οἷοί
1762 733 1828 766 τε

184 794 446 901 'Kwpf'ew
483 794 628 854 ἔστί·
686 794 813 853 οὔτε
848 821 959 876 γαρ
996 799 1049 854 οἱ
1091 795 1385 872 βάρβαροι
1424 794 1659 872 α”λκιμοί
1696 799 1825 865 εἰσι,

211 881 374 957 ὑμεῖς
402 907 469 941 τε
498 907 573 941 τα
607 886 663 945 ἐς
698 907 801 942 τον
831 881 1171 959 πόλεμονές
1208 908 1280 941 τα
1314 883 1560 963 μέγιστα
1597 882 1829 958 ἀνήκετε

212 968 419 1045 αρετῆς
444 970 594 1047 πέρι·
635 968 673 1045 ἦ
698 995 760 1028 τε
785 970 945 1048 μάχη
972 969 1155 1029 αὐτῶν
1183 970 1307 1030 εστὶ
1337 970 1538 1045 τοιήδε,
1567 969 1706 1040 τόξα
1733 970 1826 1029 καὶ

214 1056 396 1135 αἰχμὴ
439 1058 688 1135 βραχέα·
735 1056 1067 1135 ἅναξυρῶας
1106 1058 1165 1117 δὲ
1213 1059 1430 1136 ἔχοντες
1473 1060 1728 1136 ἔρχονται
1771 1063 1826 1121 ἐς

211 1144 316 1207 τοῖς
339 1145 530 1224 μάχας
564 1145 658 1206 καὶ
695 1146 1011 1223 κυρβασίας
1041 1144 1135 1205 ε’πὶ
1165 1150 1303 1223 τῇσι
1330 1149 1638 1223 κεφαλῇσι·
1682 1145 1825 1204 οὕτω

215 1232 469 1297 εὐπετέες
503 1233 843 1311 χειρωθῆναί
871 1238 1000 1294 εἶσι.
1085 1234 1209 1292 ἔστι
1239 1232 1299 1292 δὲ
1335 1233 1427 1291 καὶ
1461 1231 1648 1312 ἀγαθοὶ
1672 1236 1825 1292 τοῖσι

213 1320 320 1394 τήν
359 1319 596 1396 ἤπειρον
637 1322 848 1395 ἐκείνην
893 1320 1269 1397 νεμομένοισι,
1324 1319 1438 1380 ὅσα
1490 1319 1616 1380 οὐδὲ
1668 1324 1823 1381 τοῖσι

214 1407 513 1467 συνάπασι
551 1405 805 1468 ἄλλοισι·
848 1407 962 1468 οἷπο
993 1412 1212 1486 χρυσοῦ
1243 1407 1692 1485 αρξαμένοισι,
1657 1434 1823 1489 αργυ-

212 1521 313 1572 ρος
347 1497 438 1556 καὶ
468 1495 687 1574 χαλκος
725 1496 818 1556 καὶ
857 1494 1032 1571 ε’σθης
1067 1495 1299 1572 ποικίλη
1333 1498 1426 1555 καὶ
1454 1495 1728 1577 ὖποζύγια
1759 1520 1825 1555 τε

214 1584 310 1642 καὶ
336 1582 679 1660 ἀνδράποδα·
713 1609 786 1643 τα
811 1584 968 1662 θυμῷ
985 1575 1330 1660 βουλόμενοι
1354 1583 1515 1644 αὐτοὶ
1534 1581 1604 1643 ἂν
1623 1585 1821 1662 ἔχοιτε.

215 1671 574 1746 κατοίκηνται
614 1671 699 1731 δὲ
715 1670 985 1747 ἀλλήλων
1028 1671 1302 1750 ἐχόμενοι,
1338 1698 1412 1734 ως
1451 1670 1560 1751 ε’γω
1598 1670 1822 1747 φράσω.

213 1754 412 1818 Ἰώνων
450 1760 558 1835 μὲν
595 1758 768 1819 τῶνδε
808 1758 923 1818 οἵδε
968 1759 1160 1827 Λυδοὶ,
1209 1758 1477 1821 οἰκέοντές
1528 1783 1593 1816 τε
1634 1758 1825 1837 χώρην

214 1844 439 1927 ἀγαθήν
486 1846 581 1906 καὶ
628 1846 1157 1927 πολυαργυρώτατοι
1202 1844 1432 1908 ἐόντες·”
1501 1844 1710 1909 δεικνῦς
1764 1846 1824 1904 δὲ

217 1934 377 2013 ἔλεγε
400 1937 582 1994 ταῦτα
608 1938 663 1997 ἐς
685 1937 786 2009 τῆς
809 1939 916 2015 γῆς
940 1932 1045 2009 τὴν
1081 1932 1339 2009 περίοδον
1368 1930 1475 2008 τήν
1501 1933 1732 2009 ἐφέρετο
1766 1937 1824 1992 ἐν

214 2023 293 2097 τῷ
325 2021 519 2081 πίνακι
552 2021 971 2097 ἐντετμημένην·
1024 2030 1062 2056 “
1079 2020 1273 2081 Λυδῶν
1312 2018 1418 2090 δὲ,”
1448 2021 1558 2097 ἔφη
1584 2020 1821 2102 λέγων
1789 2048 1822 2080 ο

214 2106 645 2190 Ἀρισταγόρης,
670 2117 706 2144 “
712 2109 875 2167 οἶδε’
848 2133 1070 2187 εχονται
1094 2107 1324 2189 Φρύγες,
1347 2111 1400 2168 οἱ
1426 2135 1567 2186 προς
1591 2109 1694 2184 τήν
1719 2108 1820 2184 η’ὢ,

214 2195 802 2273 πολυπροβατώτατοι
835 2221 897 2254 τε
933 2193 1114 2259 ε’όντες
1139 2195 1399 2256 απάντων
1425 2200 1535 2256 τῶν
1560 2197 1670 2276 ε’γῶ
1697 2196 1822 2255 οἶδα

214 2284 310 2342 καὶ
348 2281 861 2361 πολυκαρπότατοι.
943 2287 1177 2363 Φρυγῶν
1216 2284 1345 2344 δὲ’
1316 2309 1538 2363 εχονται
1579 2290 1819 2343 Καππα·

212 2370 391 2446 δόκαι,
433 2371 566 2436 τούς
610 2370 772 2447 ἡμεῖς
826 2372 1058 2449 Συρίους
1101 2372 1393 2449 καλέομεν·
1455 2371 1709 2432 τούτοισι
1761 2373 1823 2432 δὲ

209 2458 526 2537 πρόσουροι
557 2463 806 2529 Κιλικες,
835 2458 1166 2535 κατήκοντες
1200 2462 1293 2521 ε’πὶ
1326 2460 1631 2521 θάλασσαν
1654 2459 1821 2536 τήνδε

210 2552 274 2606 ἐν
311 2543 351 2625 ᾗ
391 2546 493 2623 ἥδε
532 2547 763 2624 Κύπρος
811 2550 986 2622 νῆσος
1025 2548 1226 2607 κέεται·
1268 2547 1323 2607 οἳ
1350 2547 1695 2608 πεντακόσια
1722 2547 1819 2608 τοὶ-

208 2638 395 2694 λαντα
417 2636 665 2712 βασιλέϊ
688 2634 787 2696 τόν
818 2636 1065 2696 ἐπέτειον
1091 2634 1271 2711 φόρον
1298 2637 1635 2696 ἐπιτελεῦσι.
1717 2641 1821 2696 Κι-

207 2723 382 2783 λίκων
426 2724 489 2782 δὲ
530 2723 703 2784 τῶνδε
754 2722 978 2802 ἔχονται
1021 2721 1305 2801 Ἀρμένιοι
1347 2723 1481 2793 οἶδε,
1525 2722 1618 2782 καὶ
1666 2721 1820 2783 οὗτοι

207 2808 393 2875 ἐόντες
409 2809 869 2888 πολυπρόβατοι.
900 2809 1216 2888 Ἀρμενίων
1235 2809 1296 2869 δὲ
1315 2809 1611 2885 Ματιηνοὶ,
1632 2809 1821 2919 χώρην

204 2898 373 2973 τήνδε
398 2899 642 2978 ἔχοντες.
723 2900 909 2977 ἔχεται
933 2898 992 2957 δὲ
1016 2895 1229 2958 τούτων
1251 2902 1329 2977 γῆ
1354 2896 1455 2973 ἥδε
1481 2896 1721 2968 Κισσίη·
1751 2900 1810 2952 ἐν

203 2991 282 3065 τῇ
305 2986 375 3063 δή
400 2985 560 3063 παραὶ
584 2986 841 3062 ποταμόν
864 2985 1024 3045 τόνδε
1049 2982 1333 3060 Χοασπην
1359 2981 1580 3058 κείμενοί
1606 2986 1733 3037 ἐστι
1746 2977 1816 3034 τοὶ

203 3075 407 3139 Σοῦσα
420 3079 619 3145 ταῦτα,
636 3075 767 3133 ἔνθα
782 3072 1063 3149 βασιλεύς
1078 3096 1143 3131 τε
1156 3071 1331 3149 μέγας
1348 3069 1561 3130 δίαιταν
1574 3061 1817 3120 ποιέεται

204 3162 309 3291 κῗῐὶ
317 3166 434 3292 τῶὃν
449 3160 754 3240 χρημάτων
780 3164 834 3220 οἱ
861 3158 1138 3235 θησαυροὶ
1159 3153 1394 3214 ἐνθαῦτά
1414 3156 1542 3209 εἶσι.
1597 3143 1816 3208 ἑλόντες
