2100 3409
173 30 404 98 17—19]
803 31 1177 81 KAAAIOHH.
1689 34 1782 82 289

173 110 411 190 θανάτω
452 110 668 189 δῶσειν,
696 109 1249 185 διαβεβλημένους”
1216 109 1326 169 υπὸ
1356 111 1786 193 Θερσαλῶν,ὦς

173 200 296 282 ἐγώ
330 198 544 270 εἰκάζω·
587 202 682 257 νῦν
717 195 792 257 ὧν
823 196 988 275 ἄνδρα
1024 197 1207 258 πάντα
1238 199 1362 258 τινά
1404 198 1581 276 ὖμέων
1619 199 1787 279 χρεόν

175 295 312 348 ἐστι
340 287 606 368 γενέσθαι
631 286 859 367 ἀγαθόν·
895 286 1140 364 κρέσσον
1164 313 1275 367 γαρ
1300 286 1589 350 ποιεῦντάς
1612 313 1668 346 τι
1693 290 1785 347 καὶ

174 374 566 452 ἀμυνομένους
590 378 926 450 τελευτῆσαι
944 374 1045 434 τᾶν
1071 378 1257 443 αἷῶνα,
1278 373 1421 451 ἥπερ
1441 374 1786 454 παρέχοντας

175 464 567 539 διαφθαρῆναι
585 463 865 542 αἰσχίστῳ
889 462 1063 541 μόρον
1099 461 1252 521 ἀλλὰ
1270 464 1492 539 μαθέτω
1508 489 1590 526 τις
1611 463 1788 523 αὐτῶν

175 551 273 611 ὅτι
306 549 488 612 ἐόντες
518 549 811 628 βάρβαροι
842 549 927 608 ἐπ’
948 550 1205 625 Ἕλλησι
1236 550 1471 628 ἀνδράσι
1500 551 1675 627 φόνον
1703 554 1784 629 ἔρ-

172 637 426 716 ραψαν.”
505 636 574 696 ‘0
607 640 711 714 μὲν
741 637 816 698 ὧν
849 642 1027 698 ταῦτα
1059 638 1338 715 παραίνεε·
1381 642 1435 698 οῖ
1477 640 1536 700 δὲ
1579 642 1782 710 ἱππέες,
1806 644 1880 704 18

177 727 316 785 ἐπεί
345 727 410 785 τέ
442 731 626 802 σφεας
651 726 1066 805 ἐκυκλώσαντο,
1085 726 1398 802 ἐπήλαυνον
1425 727 1494 791 ὥς
1519 726 1787 789 ἀπολεΰν-

175 840 292 887 τες,
324 812 418 873 καὶ
445 813 512 889 δὴ
541 814 865 874 διετείνοντο
894 814 968 874 τά
1001 816 1184 891 βέλεα
1211 814 1283 876 ὥς
1316 813 1648 890 ἀπήσοντες·
1693 817 1790 874 καί

178 900 288 960 κού
328 926 413 964 τις
452 901 545 960 καὶ
584 900 785 977 ἀπῆκε.
868 903 960 961 καὶ
993 905 1047 961 οἱ
1080 901 1257 962 ἀντίοι
1298 903 1562 976 ἔστασαν,
1605 903 1785 980 πάντη

179 989 608 1066 συστρέψαντες
633 990 862 1053 ἔωυτούς
888 991 979 1049 καὶ
1005 990 1390 1053 πυκνώσαντες
1415 990 1485 1054 ὥς
1509 992 1782 1068 μάλιστα·

180 1078 429 1137 ἐνθαῦτα
482 1080 536 1137 οἶ
590 1076 822 1137 ἱππόται
874 1077 1246 1156 ὑπέστρεφον,
1304 1079 1395 1137 καὶ
1462 1078 1784 1154 ἀπήλαυνον

179 1164 393 1224 ὀπίσω.
476 1164 575 1223 οὐκ
607 1166 714 1244 ἔχω
752 1164 798 1224 δ’
830 1165 1098 1242 ἀτρεκέως
1129 1168 1315 1233 εἰπεῖν,
1354 1164 1480 1225 οὔτε
1522 1169 1568 1223 εἶ
1606 1165 1784 1241 ἦλθον

179 1255 292 1330 μὲν
326 1252 662 1316 ἀπολέοντες
695 1253 826 1317 τούς
855 1254 1077 1317 Φωκέας
1112 1253 1412 1329 δεηθέντων
1452 1257 1781 1323 Θεσσαλῶν,

181 1342 309 1400 ἐπεὶ
337 1341 396 1400 δὲ
422 1340 573 1417 ὥρων
597 1340 739 1418 πρὸς
764 1340 1035 1418 ἀλέξησιν
1070 1342 1466 1419 τραπομένους,
1504 1341 1783 1425 δείσαντες

180 1427 266 1505 μὴ
301 1429 393 1487 καὶ
423 1429 601 1503 σφίσι
635 1428 862 1509 γένηται
886 1428 1151 1507 τρώματα
1188 1429 1327 1489 οὕτω
1364 1428 1431 1505 δὴ
1463 1428 1784 1504 ἀπήλαυνον

183 1515 390 1576 ὀπίσω·
445 1514 516 1580 ὥς
551 1515 662 1597 γάρ
701 1522 814 1592 σφι
855 1519 1165 1577 ἐνετείλατο
1203 1517 1536 1594 Μαρδόνιος·
1584 1517 1695 1578 οὔτ’
1736 1522 1784 1577 εἰ

180 1602 367 1663 αὐτῶν
390 1604 719 1680 πειρηθῆναι
737 1604 988 1680 ἠθέλησε
1016 1606 1143 1664 εἴτι
1169 1602 1348 1679 ἀλκῆς
1365 1604 1684 1683 μετέχουσι·
1714 1605 1784 1668 ὦς

180 1691 247 1771 δὲ
278 1689 462 1749 ὀπίσω
493 1690 801 1767 ἀπήλασαν
831 1695 885 1751 οἱ
916 1691 1165 1762 ἱππόται,
1202 1690 1429 1768 πέμψας
1468 1691 1783 1769 Μαρδόνιος

182 1777 400 1864 κήρυκα
438 1780 595 1859 ἔλεγε
633 1779 784 1838 τάδε·
850 1790 886 1815 “
902 1778 1184 1856 θαρσέετε,
1228 1776 1269 1837 ὦ
1311 1778 1540 1841 Φωκέες·
1594 1778 1784 1855 ἅνδρες

180 1866 297 1946 γὰρ
326 1865 565 1941 ἐφάνητε
594 1865 773 1929 ἐόντες
798 1866 1018 1948 ἀγαθοὶ,
1041 1865 1141 1926 οὐκ
1163 1866 1232 1930 οἷς
1253 1864 1360 1947 ἐγω
1381 1865 1780 1942 ἐπυνθανόμην·

181 1953 280 2011 καὶ
307 1957 404 2012 νῦν
428 1952 725 2030 προθύμως
752 1954 953 2031 φέρετε
976 1954 1077 2015 τὸν
1101 1953 1355 2030 πόλεμον
1379 1956 1594 2012 τοῦτον·
1639 1951 1783 2029 εὔερ-

180 2040 419 2121 γεσίῃσι
443 2041 553 2121 γὰρ
582 2040 649 2101 οὗ
675 2042 931 2118 νικήσετε
956 2040 1084 2102 οὔτε
1104 2039 1178 2101 ὤν
1199 2043 1311 2118 ἐμὲ,
1334 2039 1783 2114 οὔτεβασιλέα·”

180 2127 256 2189 ‘td
282 2127 411 2204 περὶ
436 2129 665 2188 Φωκέων
689 2132 793 2206 μὲν
819 2135 874 2192 ἐς
898 2132 1142 2190 τοσοῦτο
1169 2129 1405 2210 ἐγένετο.

262 2215 695 2292 Λακεδαιμόνιοι
741 2217 815 2286 δὲ,
861 2217 931 2280 ὦς
973 2221 1029 2280 ἐς
1068 2216 1168 2277 τόν
1210 2216 1446 2293 Ἰσθμόν
1485 2215 1681 2293 ἦλθον,
1726 2221 1784 2300 ἐν
1803 2219 1876 2276 19

178 2303 363 2382 τούτῳ
394 2304 947 2379 ἐστρατοπεδεύοντο·
990 2304 1393 2380 πυνθανόμενοι
1429 2304 1488 2363 δὲ
1522 2308 1699 2366 ταῦτα
1730 2309 1785 2365 οἱ
1925 2297 1930 2301 ’

178 2390 381 2450 λοιποὶ
414 2391 872 2466 Πελοποννήσιοι
908 2394 1063 2451 τοῖσι
1096 2391 1168 2450 τοὶ
1208 2391 1412 2468 ἀμείνω
1453 2392 1693 2462 ἑάνδανε,
1731 2396 1785 2452 οἱ

179 2478 242 2538 δὲ
285 2478 382 2537 καὶ
419 2477 667 2555 ὁρέοντες
703 2478 945 2547 ἐξιόντας
981 2477 1352 2555 Σπαρτιήτας,
1380 2476 1479 2537 οὔκ
1516 2479 1781 2539 ἐδικαίευν

178 2567 485 2626 λείπεσθαι
532 2570 634 2641 τῆς
686 2566 876 2635 ἐξόδου
927 2565 1394 2641 Λακεδαιμονίων.
1477 2570 1537 2623 ἐκ
1589 2565 1658 2640 δή
1712 2565 1789 2626 ὦν

177 2657 283 2715 τοῦ
352 2652 605 2729 Ἰσθμοῦ,
661 2652 1153 2730 καλλιερησάντων
1202 2655 1312 2712 τῶν
1364 2653 1509 2727 ἶρῶν,
1567 2654 1787 2730 ἐπορεύ-

178 2766 317 2801 οντο
369 2740 571 2804 πάντες
628 2742 724 2800 καὶ
768 2740 1121 2800 ἀπικνέονται
1174 2744 1229 2802 ἐς
1277 2737 1598 2800 Ἐλευσῖνα·
1666 2767 1786 2800 ποι-

177 2829 429 2904 ήσαντες
462 2829 523 2888 δὲ
557 2828 649 2887 καὶ
687 2828 922 2888 ἐνθαῦτα
960 2827 1067 2903 ἱροὶ,
1098 2824 1169 2890 ὥς
1201 2831 1315 2901 σφι
1349 2829 1681 2905 ἐκαλλιέρεε,
1716 2826 1784 2887 τὰ

175 2915 385 2993 πρόσω
426 2915 775 2994 ἐπορεύοντο,
815 2913 1106 2989 Ἀθηναῖοι
1151 2914 1209 2973 δὲ
1250 2912 1370 2990 ἅμα
1409 2913 1633 2974 αὐτοῖσι
1674 2915 1787 2973 δια-

175 3003 393 3081 βάντες
430 3006 535 3081 μὲν
576 3009 637 3063 ἐκ
677 3004 997 3078 Σαλαμῖνος
1033 3001 1405 3081 συμμιγέντες
1430 3002 1492 3061 δὲ
1516 3007 1574 3060 ἐν
1596 3001 1787 3058 Ἐλευ-
1811 3034 1814 3037 1

179 3094 327 3151 σῖνι.
383 3090 456 3154 οἷς
480 3092 540 3151 δὲ
566 3090 676 3168 ἄρα
696 3089 962 3149 ἀπίκοντο
997 3092 1099 3162 τῆς
1132 3089 1398 3164 Βοιωτίης
1424 3093 1479 3150 ἐς
1502 3085 1785 3162 Ἐρυθρὰς,

182 3177 399 3254 ἔμαθόν
424 3205 486 3238 τε
513 3178 580 3254 δή
605 3176 735 3239 τούς
762 3174 1098 3252 βαρβάρους
1135 3176 1227 3233 ἐπὶ
1249 3179 1327 3245 τῷ
1350 3172 1591 3252 Ἀσωπῷ
1616 3196 1785 3248 στρα-
