2100 3409
185 33 394 98 75—78J
863 36 1088 85 ΕΡΑΤΩ.
1711 36 1774 82 89

259 114 570 192 Κλεομένεΐ
608 114 720 195 γοῖρ
758 117 1141 194 μαντευομένῳ
1185 118 1245 174 ἐν
1291 116 1581 188 Δελφοῖσι
1615 113 1774 192 ἐχρή-
1793 115 1826 174 7
1835 116 1869 173 6

185 203 291 277 σθη
308 202 522 283 Ἀργος
558 201 832 279 αἱρήσειν.
913 203 1037 261 ἐπεί
1066 229 1129 262 τε
1159 202 1221 261 δὲ
1250 200 1604 277 Σπαρτιήτας
1629 200 1775 280 ἄγων

185 288 403 350 ἀπίκετο
433 291 526 349 ἐπὶ
562 289 818 366 ποταμὸν
840 289 1154 367 Ἐρασῖνον,
1186 289 1248 353 ὃς
1278 290 1503 371 λέγεται
1535 290 1679 365 ῥέειν
1715 294 1775 347 ἐκ

184 382 275 453 τῆς
290 379 663 456 Στυμφηλίης
679 379 898 455 λίμνης·
930 377 1055 456 (τήν
1068 378 1178 460 γὰρ
1195 377 1262 453 δή
1281 379 1485 453 λίμνην
1500 376 1705 452 ταύτην
1721 381 1776 439 ἐς

185 465 372 543 χάσμα
407 466 622 542 ἀφανὲς
665 465 991 525 ἐκδιδοῦσαν
1021 465 1432 541 ἀναφαίνεσθαι
1468 470 1528 525 ἐν
1558 463 1774 545 Ἀργεῖ’,

185 552 244 613 τὸ
295 557 547 616 ἐνθεῦτεν
594 553 655 612 δὲ
705 554 771 613 τὸ
813 553 955 631 ὕδωρ
1002 552 1110 630 ἤδη
1154 557 1321 613 τοῦτο
1371 553 1464 613 ὕπ’
1509 553 1774 636 Ἀργείων

184 639 471 717 Ἐρασῖνον
492 643 840 721 καλέεσθαι·>
866 641 1203 719 ἀπικόμενος
1229 641 1275 700 δ’
1303 640 1377 701 ὧν
1397 641 1428 701 6
1450 644 1775 718 Κλεομένης

187 725 269 781 ἐπὶ
304 724 403 784 τὸν
443 722 703 800 ποταμὸν
733 726 932 783 τοῦτον
965 724 1342 804 ἐσφαγιάζετο
1374 721 1535 801 αὐτῷ,
1577 724 1672 781 καὶ
1710 723 1776 782 ου’

183 835 284 889 γαρ
310 812 562 889 οὐδαμῶς
587 813 906 887 ἐκαλλιέρεε
930 811 1239 886 διαβαίνειν
1263 836 1375 887 μιν,
1401 809 1651 891 αγασθαι
1670 814 1774 886 μὲν

187 898 286 974 ἔφη
321 904 423 960 τοῦ
462 899 767 977 Ἐρασίνου
808 897 873 958 οὖ
913 898 1272 975 προδιδόντος
1308 924 1438 961 τους
1481 898 1772 974 πολιήτας,

186 977 456 1068 Αργείους
494 989 689 1065 μέντοι
728 986 841 1047 οὖδ
876 1014 948 1050 ως
977 987 1291 1066 χαιρήσειν·
1332 1013 1475 1064 μετα
1506 988 1566 1046 δὲ
1599 992 1772 1046 ταῦτα

189 1074 618 1154 ἐξαναχωρήσας,
658 1075 763 1150 τὴν
803 1075 1076 1153 στρατιὴν
1116 1074 1396 1155 κατήγαγε
1439 1080 1495 1137 ἐς
1539 1077 1771 1150 Θυρέην·

188 1164 644 1243 σφαγιασάμενος
695 1162 755 1222 δὲ
806 1168 878 1242 τῇ
933 1162 1209 1240 θαλάσσῃ
1250 1167 1470 1239 ταῦρον,
1512 1163 1774 1221 πλοίοισί

188 1255 360 1325 σφεας
384 1252 565 1333 ἤγαγε
611 1253 663 1314 ἔς
692 1276 755 1311 τε
794 1252 899 1327 τὴν
941 1251 1234 1328 Τιρυνθίην
1271 1249 1458 1329 χώρην
1490 1251 1581 1309 καὶ
1621 1256 1771 1309 Ναυ-

188 1340 366 1414 πλίην.
458 1340 706 1421 Ἀργεῖοι
747 1338 794 1400 δ’
823 1339 1097 1415 ἐβοήθεον
1139 1339 1544 1416 πυνθανόμενοι
1594 1344 1770 1399 ταῦτα
1790 1342 1865 1400 77

190 1426 269 1483 ἐπὶ
294 1427 613 1488 θάλασσαν·
673 1427 744 1491 οἷς
769 1428 830 1486 δὲ
854 1426 1035 1509 ἀγχοῦ
1058 1431 1163 1504 μὲν
1190 1430 1434 1508 ἐγίνοντο
1459 1433 1559 1504 τῆς
1584 1430 1770 1506 Τίρυν-

190 1513 277 1575 θος
309 1516 471 1595 χώρῳ
522 1516 586 1575 δὲ
631 1520 689 1575 ἐν
725 1515 904 1594 τούτῳ
943 1520 1020 1595 τῷ
1061 1517 1242 1575 κέεται
1259 1541 1264 1544 ’
1282 1515 1498 1593 Σήπεια
1544 1516 1770 1593 οὕνομα,

188 1604 505 1682 μεταίχμιον
532 1602 596 1663 οὗ
622 1603 770 1684 μέγα
794 1603 1166 1667 ἀπολιπόντες
1192 1606 1374 1675 ἵζοντο
1411 1604 1587 1664 ἀντίοι
1620 1610 1773 1663 τοῖσι

189 1691 686 1768 Λακεδαιμονίοισι.
745 1692 980 1751 ἐνθαῦτα
1006 1692 1076 1768 δή
1105 1695 1159 1751 οἳ
1183 1692 1430 1772 Ἀργεῖοι
1455 1693 1560 1765 τήν
1584 1695 1687 1767 μὲν
1714 1696 1773 1749 ἐκ

189 1780 277 1835 τοῦ
311 1783 555 1857 φανεροῦ
590 1778 780 1857 μάχην
817 1779 917 1838 οὐκ
955 1781 1283 1855 ἐφοβέοντο,
1324 1778 1477 1836 ἀλλὰ.
1508 1777 1589 1853 μή
1627 1777 1773 1838 δόλω

190 1867 484 1938 αἱρεθέωσι·
527 1869 623 1926 καὶ
647 1867 756 1947 γὰρ
782 1866 853 1941 δή
877 1874 990 1942 σφι
1029 1872 1085 1929 ἐς
1108 1870 1275 1924 τοῦτο
1301 1863 1366 1923 τό
1395 1869 1631 1944 πρῆγμα
1658 1866 1774 1944 εἶχε

190 1975 245 2008 Το
271 1955 612 2034 χρηστήριον
634 1956 702 2015 τὰ
731 1957 979 2015 ἐπίκοινα
1005 1957 1213 2032 ἔχρησε
1244 1980 1282 2029 η
1311 1954 1498 2029 Πυθίη
1524 1951 1780 2013 τούτοισί

189 2061 243 2095 τε
266 2044 354 2102 καὶ
381 2044 741 2119 Μιλησίοισι,
767 2044 938 2124 λέγον
965 2041 1087 2102 ὧδε·

362 2154 496 2204 ”Αλλ
532 2156 652 2204 ὅταν
683 2158 714 2214 ἠ
750 2157 920 2214 θήλεια
953 2156 1037 2203 τὸν
1073 2153 1251 2217 ἄρσενα
1285 2156 1523 2214 νικήσασα

371 2229 592 2288 ἐξελάσῃ,
632 2229 712 2276 καὶ
746 2230 880 2276 κῦδος
914 2229 963 2275 έν
994 2227 1287 2289 Ἀργείοισιν
1320 2227 1507 2289 εἴρηται,

368 2301 557 2348 πολλὰς
588 2299 818 2359 Ἀργείων
851 2300 1182 2359 ἀμφιδρυφέας
1213 2299 1326 2345 τότε
1360 2301 1513 2358 θήσει·

370 2370 430 2419 ὥς
465 2372 589 2419 ποτέ
621 2387 693 2419 τις
728 2371 846 2431 ἐρέει
880 2372 960 2418 καὶ
995 2371 1328 2428 ἐπεσσομένων
1361 2369 1635 2430 ἀνθρώπων,

367 2442 509 2491 δεινὸς
543 2444 650 2503 ὄφις
682 2443 945 2503 τριέλικτος
981 2439 1206 2488 ἀπώλετο
1240 2442 1367 2502 δουρὶ
1400 2443 1670 2499 δαμασθείς.

189 2552 362 2610 Ταῦτα
388 2552 454 2629 δὴ
481 2552 666 2612 πάντα
690 2551 1040 2614 συνελθόντα
1063 2556 1219 2612 τοῖσι
1242 2551 1553 2632 Ἀργείοισι
1580 2552 1774 2629 φόβον

195 2642 425 2719 παρεῖχε·
509 2640 601 2698 καὶ
642 2637 711 2714 δή
748 2645 861 2714 σφι
890 2664 1035 2715 προς
1063 2643 1243 2698 ταῦτα
1274 2639 1425 2707 ἔδοξε
1462 2642 1540 2718 τῷ
1580 2640 1775 2715 κήρυκι

194 2728 285 2782 τῶν
313 2729 595 2804 πολεμίων
625 2728 896 2805 χρᾶσθαι·
947 2725 1116 2796 δόξαν
1148 2726 1212 2785 δέ
1243 2733 1371 2812 σφι,
1408 2731 1624 2786 ἐποίευν
1662 2751 1774 2785 τοι-

190 2808 316 2869 όνδε·
377 2814 515 2877 ὅκως
566 2812 600 2874 6
655 2814 1010 2891 Σπαρτιήτης
1064 2813 1248 2889 κήμυξ
1288 2815 1666 2891 προσημαίνοι
1717 2838 1775 2871 τι

189 2901 680 2978 Λακεδαιμονίοισι,
703 2903 919 2961 ἐποίευν
939 2901 1031 2959 καὶ
1053 2904 1107 2961 οὶ
1116 2899 1372 3006 :Ap‘yaoz
1391 2900 1567 2959 τωυτὸ
1587 2902 1772 2955 τοῦτο.

190 2987 387 3050 Μαθων
428 2989 488 3048 δὲ
532 2987 564 3048 6
608 2988 934 3065 Κλεομένης
980 2990 1273 3050 ποιεῦντας
1316 3012 1446 3047 τους
1490 2980 1775 3059 Ἀργείους
1791 2982 1869 3039 78

189 3070 361 3137 ὁκοῖόν
394 3102 451 3136 τι
482 3075 535 3136 6.
548 3076 824 3152 σφέτερος
861 3074 1035 3151 κήρυξ
1064 3074 1347 3151 σημῄνειε,
1388 3063 1773 3143 παραγγέλλει

187 3163 361 3236 σφι“’
329 3189 464 3223 οταν
505 3163 731 3241 σημήνῃ
774 3162 804 3220 6
848 3161 1021 3236 κήρυξ
1054 3160 1346 3219 ποιέεσθαι
1372 3154 1620 3229 ἄριστον»
1645 3171 1745 3204 701·
1749 3172 1774 3203 Ε
