2100 3409
341 69 439 119 242
953 66 1321 118 ἨΡΟΔΟΤΟΤ

340 149 523 209 ἐθέλει
547 146 735 209 οὖδέ“
702 176 735 209 ο
761 145 887 211 θεὸς
909 148 1291 226 προσχωρέειν
1310 145 1455 223 πρός
1471 172 1574 211 τας
1592 144 1946 225 ἀνθρωπηίας

245 235 580 314 61γνωμας.
663 240 850 295 Ταῦτα
896 235 1160 315 λέγοντος
1201 235 1667 310 Θεμιστοκλέους,
1716 234 1873 297 αὖτις
1916 236 1948 294 6

342 325 640 402 Κορίνθιος
668 323 1025 399 Ἀδείμαντος
1062 321 1381 399 ἐπεφέρετο,
1410 325 1583 402 σιγᾶν
1612 348 1677 381 τε
1713 322 1944 381 κελεύων

340 415 419 490 τῷ
454 412 536 489 μή
577 417 700 471 ἐστι
738 410 937 487 πατρὶς
971 409 1064 469 καὶ
1097 408 1456 486 Εὐρυβιάδεα
1487 408 1588 469 οὐκ
1621 414 1726 470 ἐῶν
1752 415 1940 486 ἐπιψη-

343 499 525 575 φίζειν
570 497 744 558 ἀπόλι
781 496 956 574 ἀνδρί·
1017 497 1187 558 πόλιν
1239 496 1350 579 γὰρ
1403 496 1505 557 τᾶν
1556 497 1939 573 Θεμιστοκλέα

348 584 747 664 παρεχόμενον,
786 584 926 645 οὕτω
962 585 1182 645 ἐκέλευε
1216 584 1438 664 γνώμας
1471 584 1934 662 συμβάλλεσθαι·

343 675 522 732 ταῦτα
561 672 625 732 δέ
663 677 717 733 οἱ
755 673 1053 750 προέφερε,
1092 671 1180 732 ὅτι
1211 671 1508 748 ἡλώκεσάν
1540 697 1601 731 τε
1634 672 1729 731 καὶ
1771 671 1935 731 κατεί-

341 785 514 838 χοντο
546 764 604 820 αἱ
632 760 882 835 Ἀθῆναι.
962 758 1092 821 τότε
1126 758 1196 835 δὴ
1234 759 1267 818 6
1303 760 1724 836 Θεμιστοκλέης
1771 757 1937 818 κεῖνόν

342 872 406 907 τε
453 848 546 907 καὶ
584 848 713 911 τούς
748 848 1079 924 Κορινθίους
1113 845 1310 906 πολλά
1343 871 1406 905 τε
1450 847 1542 906 καὶ
1586 846 1733 905 κακοὶ
1770 847 1933 927 ἔλεγε·

344 936 602 995 ἐωυτοῖσί
628 961 691 995 τε
725 934 927 1009 ἐδήλου
959 933 1114 1014 λόγῳ
1149 933 1220 997 ὥς
1253 935 1338 1010 εἴη
1375 934 1467 993 καὶ
1506 932 1677 1000 πόλις
1734 934 1825 993 καὶ
1866 937 1933 1014 γῆ

342 1022 521 1099 μέζων
546 1020 689 1098 ἥπερ
711 1023 958 1090 κείνοισι,
986 1019 1103 1081 ἔστ’
1124 1019 1193 1081 ἂν
1212 1020 1490 1097 διηκόσιαι
1517 1023 1645 1097 νῆές
1670 1026 1786 1097 σφι
1812 1022 1930 1080 ἔωσι

345 1111 792 1188 πεπληρωμέναι·
835 1107 1107 1185 οὔδαμοῦς
1141 1107 1252 1189 γὰρ
1274 1107 1563 1184 Ἑλλήνων
1598 1107 1800 1173 αὐτοῦς
1831 1114 1927 1168 ἐπι-

251 1197 327 1255 62
344 1195 507 1261 όντας
532 1196 1007 1275 ἀποκρούσεσθαι.
1079 1197 1372 1272 Σημαίνων
1399 1195 1458 1254 δέ
1482 1199 1674 1269 ταῦτα,
1699 1200 1777 1276 τῷ
1792 1195 1927 1276 λόγῳ

344 1284 589 1360 διέβαινε
604 1291 658 1348 ἐς
675 1283 1031 1361 Εὐρυβιάδεα
1054 1284 1234 1364 λέγων
1247 1287 1475 1360 μᾶλλον
1491 1285 1920 1360 ἐπεστραμμένα·

346 1381 382 1406 “
398 1371 472 1430 σύ
496 1376 544 1431 εἶ
560 1371 768 1449 μενέεις
783 1369 969 1440 αὐτοῦ,
987 1371 1080 1430 καὶ
1096 1371 1275 1447 μένων
1297 1371 1451 1431 ἔσεαι
1467 1369 1608 1447 ἀνὴρ
1627 1369 1921 1451 ἀγαθός·-

345 1462 396 1516 εἰ
430 1457 489 1516 δὲ
522 1457 621 1534 μὴ,
649 1457 972 1535 ἀνατρέψεις
995 1457 1101 1534 τὴν
1126 1457 1398 1517 Ἑλλάδα·
1438 1457 1505 1518 τό
1532 1461 1648 1518 πᾶν
1670 1458 1781 1539 γὰρ
1806 1457 1920 1534 ἡμῖν

342 1548 445 1604 τοῦ
469 1546 725 1622 πολέμου
759 1546 999 1622 φέρουσι
1025 1549 1084 1605 αἶ
1109 1550 1253 1622 νῆες.
1335 1545 1467 1606 ἀλλ’
1493 1546 1619 1622 ἐμοὶ
1645 1547 1846 1606 πείθεο·
1882 1547 1920 1603 εἷ

343 1632 404 1692 δὲ
428 1636 605 1694 ταῦτα
637 1632 720 1710 μή
752 1633 1021 1710 ποιήσεις,
1049 1632 1209 1711 ἡμεῖς
1242 1636 1361 1710 μὲν,
1390 1633 1462 1697 ὥς
1487 1635 1708 1712 ἔχομεν,
1735 1633 1917 1693 ἀναλα-

345 1720 547 1795 βόντες
586 1748 716 1785 τους
759 1721 985 1795 οἰκέτας,
1033 1721 1372 1798 κομιεύμεθα
1417 1725 1471 1785 ἐς
1527 1721 1684 1798 Σίριν
1735 1720 1833 1796 τήν
1870 1723 1917 1779 ἐν

341 1807 635 1888 ΗΙταλίῃ,
597 1834 740 1887 ηπερ
766 1808 1008 1886 ἡμετέρη
1032 1809 1099 1868 τέ
1124 1814 1246 1868 ἐστι
1273 1814 1332 1868 ἐκ
1359 1809 1661 1868 παλαιοῦ”
1632 1835 1726 1881 ετι,
1752 1808 1838 1867 καὶ
1857 1833 1914 1867 τα

353 1896 521 1976 λόγια
544 1899 704 1978 λέγει
728 1895 819 1956 υπ’
846 1895 1032 1973 ήμέων
1068 1895 1240 1971 αὐτὴν
1266 1896 1406 1955 δέειν
1432 1896 1745 1970 κτισθῆναι·
1784 1894 1914 1971 ὖμεῖς

342 1983 402 2042 δὲ
433 1985 743 2064 συμμάχων
774 1983 999 2044 τοιῶνδε
1033 1984 1404 2060 μουνωθέντες
1438 1981 1798 2059 μεμνήσεσθε
1823 1984 1912 2041 τῶν

249 2071 326 2129 63
346 2075 492 2148 ἐμῶν
544 2070 778 2152 λόγων.”
859 2074 1046 2130 Ταῦτα
1090 2070 1149 2129 δὲ
1196 2070 1610 2147 Θεμιστοκλέος
1662 2070 1909 2150 λέγοντος,

342 2157 728 2217 ἀνεδιδάσκετο
755 2157 1128 2234 Εὐρυβιάδης·
1161 2158 1368 2217 δοκέειν
1394 2157 1456 2217 δέ
1477 2183 1594 2234 μοι,
1615 2154 1909 2235 ἀρρωδήσας

340 2244 622 2319 μάλιστα
635 2269 763 2307 τους
815 2242 1141 2320 Ἀθηναίους
1181 2244 1590 2315 ἀνεδιδάσκετο,
1631 2244 1715 2322 μή
1756 2251 1907 2320 σφεας

343 2328 683 2405 ἀπολίπωσι,
729 2329 797 2407 ἢν
835 2357 973 2408 προς
1007 2331 1108 2393 τᾶν
1141 2331 1374 2409 Ἰσθμὸν
1412 2331 1595 2414 α’νάγῃ
1643 2358 1740 2395 τας
1783 2337 1903 2407 νῆας·

342 2416 729 2478 ἀπολιπόντων
765 2445 876 2500 γαρ
916 2417 1239 2495 Ἀθηναίων,
1283 2418 1464 2479 οὐκέτι
1504 2420 1749 2500 ἐγίνοντο
1786 2416 1900 2489 ἐξιό-

345 2530 520 2583 μαχοι
560 2509 613 2565 οἶ
653 2506 863 2566 λοιποί·
911 2505 1119 2582 ταύτην
1157 2506 1218 2565 δὲ
1260 2508 1501 2585 αἱρέεται
1544 2505 1650 2583 τὴν
1691 2530 1895 2588 γναψην,

343 2590 511 2651 αὐτοῦ
536 2593 803 2669 μένοντας
828 2593 1266 2673 διαναυμαχέειν.

248 2680 325 2739 64
412 2679 570 2739 Οὕτω
621 2683 723 2757 μὲν
777 2684 831 2739 οἱ
882 2682 1009 2758 περὶ
1070 2682 1366 2759 Σαλαμῖνα
1419 2683 1579 2742 ἔπεσι
1637 2680 1895 2760 ἀκροβολι-

344 2764 595 2842 σάμενοι,
626 2768 748 2825 ἐπεί
768 2793 830 2827 τε
855 2766 1181 2848 Εὐρυβιάδῃ
1209 2770 1375 2840 ἔδοξε,
1404 2769 1576 2829 αὐτοῦ
1600 2764 1897 2847 παρεσκευά-

342 2855 503 2926 ζοντο
532 2852 602 2915 ὦς
627 2854 1098 2933 ναυμαχήσοντες·
1139 2856 1319 2935 ἡμέρη
1354 2884 1416 2919 τε
1450 2858 1677 2938 ἐγίνετο,
1703 2858 1786 2916 καὶ
1803 2854 1897 2932 ἅμα

338 2946 416 3020 τῷ
450 2941 592 3019 η’λίῳ
624 2938 832 3000 ἀνιόντι
868 2942 1105 3019 σεισμὸς
1141 2945 1357 3025 ἐγένετο
1386 2947 1442 3005 ἐν
1465 2971 1528 3005 τε
1552 2950 1624 3024 τῇ
1649 2949 1720 3027 γῇ
1744 2944 1821 3003 καὶ
1841 2943 1896 3019 τῇ
1939 2994 1946 3007 .

347 3027 634 3105 θαλάσσῃ·
692 3027 843 3096 ἔδοξε
875 3028 936 3087 δέ
968 3037 1081 3105 σφι
1118 3030 1387 3100 εὔξασθαι
1416 3035 1570 3092 τοῖσι
1612 3033 1792 3102 θεοῖσι,
1824 3053 1895 3090 κω

345 3115 793 3175 ἐπικαλέσασθαι
818 3114 947 3178 τούς
972 3119 1236 3182 Αἰακίδας
1254 3119 1608 3199 συμμάχους·
1636 3145 1703 3182 ως
1731 3118 1787 3178 δέ
1804 3121 1893 3193 σφι
1939 3172 1946 3181 .

348 3198 514 3273 ἔδοξε,
547 3202 642 3261 καὶ
677 3203 895 3291 ἐποίευν
919 3207 1115 3265 ταῦτα·
1158 3204 1444 3284 εὐξάμενοι
1469 3232 1580 3288 γαρ
1605 3209 1745 3267 πᾶσι
1771 3206 1896 3268 τοῖσι
