2100 3409
174 24 476 91 120—123]
801 24 1175 75 nommmA.
1696 29 1789 81 16⁷

175 108 288 169 θου
320 104 425 166 ὦδε
451 105 785 187 τεταγμένος
810 105 843 165 ὁ
869 106 1113 181 στρατὸς
1137 110 1200 167 ἐκ
1227 105 1514 182 Δορίσκου
1536 106 1640 183 τὴν
1659 108 1792 169 ὁδὸν

178 195 458 254 ἐποιέετο·
498 198 646 271 τρεῖς
685 195 887 271 μοίρας
922 221 954 252 ο
995 193 1209 270 Ξέρξης
1256 194 1570 271 δασάμενος
1608 195 1792 256 πάντα

176 309 286 342 τον
312 283 486 354 πεζὸν
513 282 774 359 στρατόν,
799 283 935 358 μίαν
960 281 1166 341 αὐτέων
1193 282 1348 352 ἔταξε
1382 283 1537 358 παραὶ
1577 281 1792 343 θάλασ-

179 396 301 430 σαν
341 370 479 430 ἰέναι
506 369 650 446 ὁμοῦ
675 374 755 448 τῷ
778 373 1028 448 ναυτικῷ·
1071 369 1274 446 ταύτης
1296 373 1402 451 μὲν
1425 369 1551 445 δῆ’
1524 370 1794 446 εστρατή-

179 483 322 539 γεον
350 455 668 533 Μαρδόνιος
693 482 757 517 τε
783 457 877 517 καὶ
903 458 1230 535 Μασίστης·
1260 458 1418 535 ἑτέρη
1445 457 1504 544 δὲ
1529 458 1795 536 τεταγμέ·

184 570 258 620 νη
292 543 384 620 ἦὶε
413 547 516 605 τοῦ
555 547 804 622 στρατοῦ
842 545 1164 622 τριτημορὶς
1192 544 1299 622 τήν
1335 537 1667 626 μεσόγαιαν,
1693 549 1796 620 τῆς

187 630 572 711 ἐστρατήγεον
617 633 1063 743 Τριτανταίχμης
1113 656 1177 693 τε
1231 633 1323 691 καὶ
1370 633 1585 713 Γέργις·
1640 632 1677 707 ἧ
1732 633 1793 691 δε

186 719 355 797 τρίτη
393 723 505 779 τῶν
541 720 793 797 μοιρέων,
821 718 940 797 μετ’
966 716 1035 794 ἧς
1066 718 1358 796 ἐπορεύετο
1398 719 1562 785 αὐτὸς
1601 720 1633 780 ὁ
1659 721 1794 797 Ξέρ-

189 807 309 883 ξης,
336 805 426 882 ἤῖε
462 809 567 884 μὲν
605 808 672 867 τὰ
712 808 892 883 μέσον
925 806 1149 877 αυτέων,
1179 833 1528 889 στρατηγους
1557 807 1618 867 δὲ
1656 833 1796 886 παρ-

192 894 380 974 είχετο
407 894 794 973 Σμερδομένεά
831 920 895 955 τε
935 895 1028 954 καὶ
1055 894 1418 976 Μεγάβυζον.

273 981 347 1041 Ο
372 982 480 1059 μέν
505 1007 603 1043 νυν
625 982 880 1046 ναυτικὰς
906 982 1150 1059 στρατός
1171 1009 1242 1046 ως
1265 982 1527 1060 εἷπείθη”
1492 1008 1605 1043 υπο
1587 982 1756 1059 Ξέρ-
1775 983 1891 1042 122

195 1070 318 1141 ξεω,
362 1070 457 1129 καὶ
499 1069 838 1140 διεξέπλωσε
877 1070 982 1145 τήν
1023 1069 1267 1148 διώρυχα
1295 1070 1401 1146 τὴν
1443 1076 1503 1130 ἑν
1535 1074 1614 1149 τῷ
1642 1069 1797 1149 Ἀθῳ

200 1159 503 1239 γενομένην
538 1158 836 1237 διέχουσαν
871 1158 932 1217 δὲ
966 1163 1023 1221 ἐς
1060 1157 1276 1217 κόλπον
1312 1162 1371 1217 ἐν
1408 1161 1490 1235 τῷ
1513 1155 1714 1216 Ἀσσα
1738 1182 1802 1216 τε

198 1246 378 1309 πόλις
404 1246 496 1305 καὶ
523 1246 784 1323 Πιλωρος
825 1246 916 1304 καὶ
944 1246 1152 1326 Σίγγος
1181 1244 1272 1303 καὶ
1301 1244 1489 1322 Σάρτη
1532 1245 1798 1320 οἴκηνται·

202 1334 470 1405 ἐνθεῦτεν,
497 1331 568 1396 ὦς
611 1334 702 1391 καὶ
745 1338 806 1392 ἐκ
848 1334 1086 1408 τουτέων
1125 1336 1235 1394 τῶν
1274 1334 1488 1393 πολίων
1530 1333 1802 1410 στρατιὴν

198 1421 516 1499 παρέλαβε,
545 1421 710 1482 ἔπλεε
735 1420 1027 1498 ἀπιέμενος
1055 1425 1110 1485 ἐς
1135 1421 1234 1481 τὸν
1258 1424 1540 1499 Θερμαῖον
1567 1420 1798 1490 κόλπον,

200 1507 469 1585 κάμπτων
498 1507 559 1566 δὲ
586 1507 883 1585 Ἀμπελον
922 1508 1027 1583 τήν
1052 1510 1369 1586 Τορωναίην
1408 1508 1599 1586 ἄκρην,
1626 1535 1802 1585 παρα·

201 1596 437 1673 μείβετο
460 1594 796 1671 Ἑλληνίδας
833 1595 1009 1656 τάσδε
1047 1596 1269 1660 πόλις’
1243 1623 1304 1656 εκ
1328 1622 1439 1656 των
1474 1597 1599 1659 νέας
1622 1621 1685 1654 τε
1713 1596 1804 1654 καὶ

203 1709 479 1761 στρατιην
508 1682 935 1761 παρελάμβανε·
976 1683 1249 1760 Τορωνην,
1279 1682 1566 1760 Γαληψον,
1596 1683 1805 1758 Σερμύ-

202 1777 328 1848 λην,
361 1770 759 1848 Μηκύβερναν,
783 1771 1090 1831 Ὄλυνθον·
1130 1770 1168 1846 ἦ
1193 1771 1298 1847 μέν
1336 1795 1433 1829 νυν
1459 1794 1627 1847 χωρη
1666 1769 1807 1845 αὕτη

206 1859 449 1934 Σιθωνίη
484 1860 761 1919 καλέεται.
841 1857 911 1919 Ο
940 1842 999 1918 δὲ
1025 1857 1278 1921 ναυτικὰς
1303 1881 1547 1934 στρατος
1571 1855 1603 1916 ὁ
1630 1858 1764 1933 Ξέρ-
1785 1858 1897 1916 123

205 1948 327 2019 ξεω,
385 1945 712 2024 συντάμνων
765 1946 860 2006 ἀπ’
907 1945 1200 2023 Ἀμπέλου
1252 1944 1424 2022 ἄκρης
1477 1943 1569 2002 ἐπὶ
1616 1943 1801 2004 Κανά-

207 2059 447 2113 στραιον
480 2033 670 2111 ἄκρην,
701 2034 768 2095 τὰ
806 2032 875 2110 δή
912 2034 1103 2110 πάσης
1140 2037 1241 2109 τῆς
1273 2031 1585 2108 Παλλήνης
1623 2031 1810 2109 ἐνέχει

207 2122 484 2200 μάλιστα,
527 2123 776 2182 ἐνθεῦτεν
819 2122 943 2184 νέας
982 2148 1044 2182 τε
1083 2123 1175 2181 καὶ
1212 2120 1481 2199 στρατιὴν
1523 2119 1811 2198 παρελάμ-

206 2211 357 2288 βανε
394 2214 455 2268 ἐκ
495 2209 815 2285 Ποτιδαίης,
851 2209 942 2269 καὶ
965 2208 1249 2286 Ἀφύτιος,
1281 2210 1373 2269 καὶ
1398 2209 1550 2285 Νέης
1576 2207 1811 2278 Πόλιος,

211 2298 304 2357 καὶ
346 2302 540 2378 Αἶγῆς,
574 2298 666 2357 καὶ
692 2295 990 2374 Θεράμβω,
1019 2297 1112 2356 καὶ
1140 2296 1401 2373 Σκιώνης,
1439 2297 1532 2355 καὶ
1573 2296 1812 2372 Μένδης,

211 2386 307 2445 καὶ
352 2384 550 2461 Σάνης·
603 2411 766 2445 αυται
807 2385 916 2466 γάρ
963 2411 1076 2445 εισι
1118 2411 1177 2445 αι
1216 2410 1319 2460 την
1360 2389 1458 2444 νῦν
1499 2384 1816 2461 Παλλήνην

208 2474 487 2553 πρότερον
513 2474 573 2533 δὲ
598 2475 856 2555 Φλέγρην
881 2474 1223 2550 καλεομένην
1248 2471 1564 2549 νεμόμεναι.
1636 2498 1814 2549 παρα-

209 2562 405 2623 πλέων
446 2562 507 2623 δὲ
550 2562 642 2621 καὶ
676 2563 883 2637 ταύτην
915 2587 1018 2638 την
1054 2559 1241 2640 χώρην
1282 2561 1447 2619 επλεε
1488 2565 1543 2622 ε’ς
1577 2559 1643 2618 r&
1674 2585 1812 2636 προ-

208 2650 523 2729 ειρημένον,
581 2648 1045 2727 παραλαμβάνων
1104 2646 1376 2726 στρατιὴν
1439 2648 1530 2710 καὶ
1590 2651 1650 2706 ε’κ
1706 2651 1820 2708 τῶν

208 2736 544 2817 προσεχέων
584 2738 796 2797 πολίων
836 2742 908 2815 τῇ
953 2735 1253 2815 Παλλήνῃ,
1296 2735 1713 2813 ὁμουρεουσέων
1755 2734 1816 2793 δὲ

207 2831 292 2906 τῷ
318 2828 578 2905 Θερμαίω
618 2826 827 2905 κόλπῳ,
867 2828 1004 2904 τῇσι
1041 2823 1323 2901 οὐνόματά
1363 2829 1488 2883 ἔστι
1519 2823 1677 2883 τάδε·
1717 2822 1818 2882 Λί-

208 2915 412 2984 παξος,
455 2912 785 2991 Κώμβρεια,
823 2915 1016 2982 Λίσαι,
1050 2913 1308 2993 Γίγωνος,
1344 2910 1580 2987 Κάμψα,
1611 2910 1817 2982 Σμίλα,

209 3002 431 3063 Αἴνεια·
486 3000 524 3076 ἦ
568 3002 628 3060 δὲ
667 3003 921 3061 τουτέων
945 3000 1100 3078 χώρη
1145 2999 1451 3109 Κροσσαίη
1501 2997 1579 3053 ἔτι
1627 2991 1717 3049 καὶ
1764 2996 1821 3054 ἐς

206 3089 350 3151 τόδε
393 3090 664 3149 καλέεται.
749 3088 861 3149 οἷπὸ
904 3088 964 3147 δὲ
1005 3088 1240 3163 Αἰνείης,
1284 3087 1339 3148 ἔς
1381 3082 1484 3157 τήν
1526 3074 1822 3137 ἐτελεύτων

207 3176 547 3259 καταλέγων
576 3177 678 3247 τοὶς
712 3176 896 3246 πόλις,
923 3174 1036 3236 ἀπὸ
1076 3173 1281 3250 ταύτης
1317 3168 1426 3246 ἤδη
1466 3171 1522 3229 ἔς
1553 3187 1721 3223 (1117ον
1757 3189 1822 3226 ΤΕ
