2100 3409
762 508 1469 590 ἨΡΟἉΟΤΟΥ

602 724 1125 797 ἸΣΤΟΡΙΩΝ
1211 726 1603 794 ΟΓΔΟΗ.

1013 900 1215 928 -0—
1309 912 1314 919 .

931 1030 1296 1085 OYPANIA.

298 1147 329 1208 l
444 1153 526 1208 01
552 1144 614 1209 δὲ
637 1145 928 1224 Ἑλλήνων
964 1151 1020 1211 ἐς
1050 1145 1153 1208 τᾶν
1176 1146 1433 1208 ναυτικὸν
1458 1143 1705 1224 στρατόν
1727 1145 1974 1226 ταχθέν·

362 1261 454 1300 τες
509 1235 660 1313 ἦσαν
719 1235 852 1295 οἵδε·
912 1234 1201 1310 Ἀθηναῖοι
1245 1238 1365 1311 μὲν,
1412 1235 1537 1298 νέας
1587 1233 1974 1313 παρεχόμενοι

364 1323 505 1383 ἑπτα
546 1325 637 1383 καὶ
678 1324 857 1382 εἴκοσι
897 1323 988 1381 καὶ
1023 1322 1236 1383 ἑκατόν·
1276 1321 1386 1384 ὕπο
1427 1323 1487 1382 δὲ
1526 1320 1728 1400 ἅρετῆς
1763 1346 1838 1381 τε
1879 1323 1974 1382 καὶ
2069 1346 2070 1351 ’

366 1412 680 1486 προθυμίης
711 1411 1040 1480 Πλαταιέες,
1084 1409 1302 1488 ἄπειροι
1333 1414 1436 1486 τῆς
1469 1413 1725 1484 ναυτικῆς
1762 1408 1968 1484 ἐόντες,

367 1497 754 1575 συνεπλήρουν
788 1502 941 1558 τοῖσι
973 1496 1324 1574 Ἀθηναίοισι
1359 1497 1461 1562 τοὶς
1485 1497 1629 1559 νέας·
1671 1498 1971 1574 Κορίνθιοι

369 1584 429 1643 δὲ
444 1584 857 1662 τεσσεράκοντα
872 1587 997 1649 νέας
1010 1586 1364 1664 παρείχοντο·
1386 1585 1673 1666 Μεγαρέες
1688 1585 1747 1643 δὲ
1762 1586 1969 1645 εἴκοσι·

370 1674 462 1732 καὶ
488 1673 792 1737 Χαλκιδέες
812 1672 1091 1751 ἐπλήρουν
1118 1674 1312 1747 εἴκοσι,
1339 1672 1646 1749 Ἀθηναίων
1665 1678 1775 1747 σφι
1796 1691 1970 1751 παρε·

367 1760 582 1841 χόντων
604 1761 704 1825 ταῖς
729 1762 871 1825 νέας·
908 1765 1201 1842 Αἰγινῆται
1233 1760 1292 1820 δὲ
1328 1759 1717 1821 ὀκτωκαίδεκα·
1757 1760 1969 1824 Σικυώ-

368 1874 479 1909 νιοι
506 1849 565 1909 δὲ
591 1848 847 1909 δυώδεκα·
889 1847 1318 1924 Λακεδαιμόνιοι
1343 1849 1403 1908 δὲ
1428 1848 1580 1907 δέκα·
1619 1847 1967 1926 Ἐπιδαύρια

368 1937 428 1997 δὲ
468 1937 630 1998 ὀκτώ·
676 1936 977 2014 Ἐρετριέες
1015 1936 1077 1996 δὲ
1118 1935 1274 1996 ἑπτά·
1329 1934 1643 2015 Τροιζήνιοι
1681 1935 1740 1994 δὲ
1777 1937 1968 1997 πέντε·

377 2027 607 2104 Στυρέες
647 2027 706 2086 δὲ
746 2025 862 2086 δύο·
905 2025 998 2085 καὶ
1039 2027 1202 2084 Κεῖοι
1241 2022 1339 2084 δύο
1378 2050 1441 2084 τε
1480 2026 1606 2087 νέας
1645 2023 1735 2083 καὶ
1765 2025 1966 2102 πέντη-

371 2114 656 2191 κοντέρους
683 2113 799 2173 δύο·
835 2112 1045 2189 Λοκροὶ
1077 2111 1139 2171 δέ
1171 2120 1284 2188 σφι
1321 2115 1373 2171 οἷ.
1406 2110 1727 2171 Ὀπούντιοι
1750 2113 1966 2189 ἐπεβό-

373 2202 518 2270 θεον,
546 2202 997 2279 πεντεκοντέρους
1023 2200 1241 2279 ἔχοντες
1268 2199 1425 2260 ἑπτά.

301 2290 339 2347 2
433 2285 635 2347 ’Hc-av
672 2289 776 2363 μὲν
817 2285 890 2348 ὧν
927 2284 1082 2348 οὗτοι
1117 2290 1171 2347 οἶ
1196 2286 1628 2366 στρατευόμενοι
1657 2285 1742 2346 ἐπ’
1773 2286 1967 2367 'Apre-

369 2373 584 2451 μίσιον·
613 2375 822 2452 εἴρηται
842 2375 905 2435 δέ
920 2400 1020 2453 μοι
1047 2376 1140 2434 καὶ
1167 2374 1239 2438 ὥς
1263 2375 1330 2435 τὰ
1356 2375 1576 2450 πλῆθος
1605 2375 1838 2435 ἔκαστοι
1861 2381 1966 2438 τῶν

371 2464 507 2522 νεῶν
556 2463 909 2542 παρείχοντο·
962 2461 1198 2540 ἀριθμὸς
1249 2463 1310 2522 δὲ
1359 2466 1470 2536 τῷν
1515 2462 1966 2540 συλλεχθεισέων

371 2553 506 2610 νεῶν
532 2549 617 2611 ἐπ’
655 2550 1012 2629 Ἀρτεμίσιον
1047 2550 1133 2627 ἦν,
1162 2551 1343 2627 πάρεξ
1374 2553 1485 2610 τῶν
1509 2552 1963 2629 πεντηκοντέρων,

371 2640 476 2716 μία
502 2639 593 2698 καὶ
620 2638 1006 2716 ἑβδομήκοντα
1032 2638 1124 2697 καὶ
1151 2637 1449 2714 διηκόσιαι.
1519 2636 1618 2698 τὸν
1643 2636 1703 2695 δὲ
1726 2662 1968 2718 στρατη-

370 2752 478 2806 γον
526 2725 625 2787 τᾶν
674 2752 740 2786 το
790 2726 1065 2807 μέγιστον
1118 2725 1318 2804 κράτος
1377 2726 1576 2805 ἔχοντα
1633 2724 1970 2806 παρείχοντο

377 2814 738 2891 Σπαρτιῆται,
781 2813 1138 2890 Εὗρυβιαδεα
1178 2814 1278 2875 τὸν
1317 2811 1712 2892 Εὐρυκλείδεω.
1757 2815 1821 2873 οἱ
1866 2843 1970 2899 γαρ

375 2902 669 2981 σύμμαχοι
701 2900 801 2962 οὐκ
839 2903 1078 2978 ἔφασαν,
1110 2901 1180 2978 ἣι
1217 2900 1299 2980 μὴ
1340 2929 1372 2963 ο
1413 2900 1614 2962 Λάκων
1642 2898 1971 2985 ἡγεμονεύῃ,

372 2989 724 3068 Ἀθηναίοισι
766 2990 1004 3068 ἕψεσθαι
1042 2989 1417 3071 ἡγεομένοισι,
1461 2988 1617 3050 αλλοὶ
1655 2989 1862 3053 λύσειν
1913 3021 1974 3055 το

305 3079 342 3139 3
368 3080 587 3157 μέλλον
639 3079 873 3139 ἔσεσθαι
932 3077 1273 3156 στράτευμα.
1380 3078 1638 3162 Ἐγένετο
1690 3076 1805 3159 γὰρ
1865 3081 1975 3144 κατ’

373 3166 554 3248 ἅρχοῖς
593 3166 781 3246 λόγος,
823 3164 955 3241 πρὶν
993 3163 1030 3241 ἢ
1073 3167 1166 3226 καὶ
1199 3172 1254 3231 ἐς
1291 3167 1554 3243 Σικελίην
1596 3164 1846 3243 πέμπειν
1892 3172 1978 3233 ἐπὶ

376 3255 720 3333 συμμαχίην,
766 3250 836 3316 ὥς
880 3250 947 3311 τό
989 3255 1243 3315 ναυτικὸν
1282 3252 1634 3331 Ἀθηναίοισι
1672 3253 1854 3331 χρεὸν
1901 3260 1980 3336 ἄη
