2100 3409
284 71 348 120 82
900 68 1281 119 ἨΡΟΔΟΤοΤ.

282 147 393 259 γὰρ
425 143 862 230 συνεγινώσκετο
888 145 1057 210 ‹uh-63
1080 146 1291 207 τούτων
1316 144 1456 207 εἶναι
1474 144 1665 221 αἴτιος,
1687 149 1902 230 γαμέει

281 237 474 313 τρίτην
515 239 768 317 γυναῖκα·
825 233 929 295 ὧδε
970 234 1030 294 δὲ
1073 234 1289 314 γαμέει·
1342 232 1413 309 ἦν
1459 237 1513 294 οἶ
1560 236 1733 343 ‹pans-
1779 241 1900 297 τῶν

242 347 255 366 ·
286 323 675 402 Σπαρτιητέων
716 321 875 401 ἄνηρ,
909 325 988 401 τῷ
1027 322 1368 399 προσεκέεςτο
1410 325 1521 382 τῶν
1556 321 1748 383 οἰστῶν
1783 327 1898 401 μά-

284 415 459 472 λιστα
494 410 528 471 6
562 410 854 488 Ἀρίστων·
894 409 1074 489 τούτῳ
1104 414 1183 489 τῷ
1216 407 1373 486 ἀνδρὶ
1410 408 1739 489 ἐτύγχανε’
1712 416 1894 473 εοῦσα

283 500 423 579 γυνὴ
451 498 734 574 καλλίστη
757 501 951 577 μακρῷ
975 501 1085 558 τῶν
1112 502 1171 557 ἐν
1198 496 1431 576 Σπάρτῃ
1456 501 1751 579 γυναικῶν·
1795 502 1897 561 καὶ

283 590 460 646 ταῦτα
483 585 673 662 μέντοι
700 584 984 662 καλλίστη
1012 586 1077 655 ἐξ
1105 586 1408 663 αἰσχίστης
1431 586 1725 666 γενομένη·
1770 593 1896 647 <²015-

284 699 396 733 σαν
426 672 537 755 γάρ
572 699 671 750 μιν
702 672 771 733 τό
808 671 952 737 εἶδος
985 665 1246 751 φλαύρην
1271 671 1308 748 ἦ
1334 671 1550 750 τροφὸς
1577 671 1766 749 αύτῆς,
1795 675 1897 736 οἶα

286 760 583 839 ἀνθρώπων
607 787 669 822 τε
695 757 912 837 ὀλβίων
944 761 1222 842 θυγατέρα
1249 761 1340 820 καὶ
1366 760 1622 820 δυσειδέα
1662 766 1893 834 εὀὒσαν,

285 848 426 924 πρός
451 850 511 909 δὲ
538 851 631 908 καὶ
657 848 901 926 ὄρέουσα
937 848 1068 914 τούς
1088 848 1288 930 γονέας
1317 842 1634 925 συμφορὴν
1648 848 1714 909 τό
1743 849 1896 917 εἶδος

288 936 456 1013 αύτῆς
486 938 858 1015 ποιευμένους,
883 940 1061 997 ταῦτα
1098 937 1308 996 ἕκαστα
1338 937 1619 1013 μαθοῦσα,
1650 938 1891 1016 ἐπιφρά-

289 1026 439 1096 ζεται
479 1025 684 1085 τοιάδε·
727 1024 927 1103 ἐφόρεε
970 1023 1146 1100 αὐτὴν
1192 1020 1298 1083 <ivd
1344 1027 1537 1083 πᾶσαν
1582 1023 1796 1101 ἡμέρην
1831 1030 1893 1094 ἐς

282 1112 350 1172 τὰ
385 1117 485 1188 τῆς
508 1112 742 1189 Ἑλένης
785 1111 921 1189 ἱρόν·
960 1111 1028 1171 τὸ
1066 1110 1113 1170 δ’
1142 1112 1265 1171 ἔστι
1301 1114 1361 1171 ἐν
1393 1114 1466 1189 τῇ
1493 1109 1755 1190 Θεράπνῃ
1790 1139 1889 1172 κα·-

282 1203 520 1280 λευμένῃ
545 1200 748 1278 ὕπερθε
772 1203 874 1282 τοῦ
899 1199 1177 1276 Φοιβηίου
1204 1202 1343 1277 ῖροῧ.
1412 1198 1551 1261 ὅκως
1580 1199 1640 1257 δὲ
1668 1201 1891 1262 ἐνείκειε

283 1287 323 1363 ἦ
356 1289 583 1364 τροφᾶς,
609 1288 751 1364 πρός
789 1312 852 1347 τε
883 1286 1161 1368 τῶγαλμα
1189 1288 1324 1348 ἵστα
1351 1287 1443 1346 καὶ
1471 1288 1741 1347 ἐλίσσετο
1780 1288 1890 1365 τήν

285 1374 415 1435 θεὰν
444 1375 770 1444 ἀπαλλάξαι
799 1380 900 1450 τῆς
937 1375 1292 1454 δυσμορφίης
1315 1373 1383 1435 τό
1414 1374 1654 1434 παιδίον·
1698 1376 1789 1434 καὶ
1814 1376 1889 1454 δή

286 1488 414 1521 κοτε
440 1461 686 1542 ἀπιούσῃ
713 1468 774 1521 ἐκ
800 1467 899 1523 τοῦ
929 1466 1054 1540 ἶροΰ
1079 1468 1153 1543 τῆ
1177 1466 1372 1541 τροφῷ
1395 1466 1632 1544 γυναῖκα
1659 1464 1889 1545 λέγεται

284 1555 635 1627 ἐπιφανῆναι,
664 1555 1034 1626 ἐπιφανεῖσαν
1075 1551 1135 1611 δὲ
1172 1550 1498 1627 ἐπείρεσθαί
1517 1576 1615 1626 μιν
1642 1549 1675 1610 ὅ
1700 1575 1758 1610 τι
1785 1553 1888 1626 φέ-

279 1665 366 1716 ρει
387 1645 444 1699 ἐν
461 1643 533 1718 τῇ
553 1637 800 1721 ἅγκάλῃ;
845 1639 936 1697 καὶ
960 1638 1066 1715 τήν
1086 1638 1307 1716 φράσαι
1334 1638 1405 1702 ὥς
1429 1637 1653 1696 παιδίον
1673 1640 1885 1715 φορέει·

284 1727 390 1804 τήν
425 1728 485 1787 δὲ
511 1729 781 1787 κελεῦσαί
803 1730 856 1787 οἳ
892 1727 1085 1797 δεῖξαι·
1125 1726 1231 1803 τήν
1256 1726 1317 1786 δὲ
1343 1725 1407 1786 ού
1436 1724 1628 1801 φάναι,
1659 1724 1887 1804 ἀπειρῆ-

280 1816 422 1875 σθαι
452 1816 561 1897 γάρ
588 1819 643 1875 οἱ
669 1821 729 1875 ἐκ
753 1820 865 1876 τῶν
888 1815 1225 1895 γειναμένων
1263 1814 1458 1891 μηδενὶ
1498 1813 1885 1874 ἐπιδεικνύναι·

283 1902 387 1978 τὴν
426 1904 486 1962 δὲ
524 1930 742 1968 παντως
775 1906 948 1982 εωυτῇ
977 1901 1220 1963 κελεύειν
1246 1902 1529 1984 ἐπιδεῖξαι·
1573 1900 1798 1977 ὁρωσαν
1825 1903 1888 1965 δε

281 1991 386 2067 τήν
418 1997 653 2101 γυναῖκα
692 1993 820 2068 περὶ
858 1995 1087 2051 πολλοῦ
1126 1991 1456 2067 ποιευμένην
1491 1988 1712 2049 ἰδέσθαι
1744 1989 1887 2052 οὕτω

282 2078 351 2153 δη
377 2078 480 2152 τὴν
504 2079 720 2154 τροφὸν
745 2078 919 2149 δεῖξαι
944 2080 1010 2140 τὰ
1011 2069 1279 2139 παιδίον·
1321 2078 1425 2155 τήν
1451 2079 1512 2136 δὲ
1540 2081 1886 2156 καταψωσαν

282 2190 382 2223 του
428 2165 650 2223 παιδίου
695 2166 800 2241 τήν
846 2168 1101 2243 κεφαλην
1150 2167 1316 2236 εἶπαι,
1365 2193 1437 2231 ως
1482 2161 1885 2227 καλλιστεύσει

282 2252 507 2311 πασέων
530 2278 641 2312 των
667 2256 727 2312 ἑν
753 2254 984 2331 Σπαρτῃ
1008 2279 1294 2334 γυναικων.
1382 2253 1497 2313 οἶπὸ
1524 2256 1630 2330 μὲν
1658 2253 1727 2330 δη
1755 2257 1884 2315 ταύ-

281 2365 382 2415 της
414 2343 516 2415 τῆς
549 2339 760 2418 ἡμέρης
793 2343 1156 2418 μεταπεσέειν
1192 2341 1262 2402 τδ
1302 2342 1461 2405 εἶδος·
1504 2340 1702 2421 γαμέει
1730 2343 1789 2401 δὲ
1815 2343 1885 2419 δή

280 2453 378 2504 μιν
406 2432 460 2492 ἐς
483 2427 670 2507 γάμου
697 2428 841 2506 ὥρην
866 2426 1208 2505 απικομένην
1232 2428 1480 2510 Ἄγητος
1505 2427 1537 2488 6
1564 2423 1881 2501 Ἀλκείδεω,

187 2518 264 2580 62
284 2513 444 2579 οὗτος
463 2514 594 2592 δη
561 2542 592 2576 ο
611 2519 712 2576 τοῦ
734 2514 1067 2592 Ἀρίστωνος
1089 2518 1279 2592 φίλος.
1350 2516 1462 2576 Τόν
1483 2515 1543 2575 δὲ
1567 2515 1882 2595 Ἀρίστωνα

285 2604 455 2675 ἔκνιζε
496 2603 604 2681 ἄρα
636 2607 737 2680 τῆς
769 2603 1030 2684 γυναικὸς
1063 2603 1269 2681 ταύτης
1303 2603 1336 2665 6
1370 2605 1521 2681 ἔρως·
1562 2609 1882 2683 μηχανᾶται

282 2691 351 2767 δη
393 2690 598 2750 τοιάδε·
641 2690 808 2755 αύτός
840 2716 904 2751 τε
942 2695 1020 2770 τῷ
1062 2692 1257 2771 ἑταίρω
1286 2695 1390 2752 τοῦ
1415 2691 1486 2768 ἦν
1510 2690 1549 2767 ἦ
1576 2692 1717 2772 γυνὴ
1731 2693 1880 2805 αὕτη

280 2777 604 2837 ὑποδέκεται
631 2778 858 2880 δωτίνην
894 2777 1092 2839 δωσειν
1116 2783 1225 2838 τῶν
1256 2783 1456 2839 ἑωυτοῦ
1484 2779 1705 2840 πάντων
1730 2807 1790 2841 εν
1814 2782 1878 2841 vd

281 2890 349 2924 αν
389 2863 556 2926 ath-65·
598 2853 815 2928 εκεῖνος
836 2867 1044 2941 ἕληται,
1075 2867 1167 2924 καὶ
1190 2866 1290 2927 τᾶν
1316 2870 1534 2944 ἑταῖρον
1560 2870 1739 2947 ἑωυτῷ
1769 2871 1877 2928 ε’κέ·

280 2956 408 3011 λευε
435 2950 701 3016 ωσαύτως
733 2978 838 3028 την
865 2951 1065 3029 ὁμοίην
1091 2953 1317 3013 διδόναι·
1360 2982 1391 3014 ο
1376 2953 1479 3013 ’δε
1507 2953 1666 3014 οὐδὲν
1693 2926 1878 3033 φοβη-

281 3041 394 3103 θεὶς
430 3040 582 3118 ἀμφὶ
624 3044 697 3119 τῇ
736 3041 968 3121 γυναικὶ,
1004 3040 1175 3119 ὁρέων
1210 3046 1413 3102 ἐοῦσαν
1456 3043 1549 3101 καὶ
1583 3041 1881 3120 Ἀρίστωνι

280 3131 530 3206 γυναῖκα,
578 3128 847 3186 καταινέει
892 3131 1086 3186 ταῦτα·
1142 3129 1234 3186 ἐπὶ
1278 3128 1529 3188 τούτοισι
1577 3130 1638 3189 δὲ
1683 3129 1882 3208 ὅρκους

283 3212 596 3289 ἐπήλασαν·
635 3213 779 3290 μετὰ
822 3214 897 3287 δὲ,
944 3212 1112 3278 αὐτός
1155 3240 1218 3274 τε
1264 3215 1322 3298 [6
1370 3215 1671 3302 Ἀρίστων]
1718 3219 1881 3282 ἔδωκε
