2100 3409
271 56 367 106 228
874 53 1246 105 ἨΡΟΔΟΤΟΤ

263 132 530 212 ὖστεραίῃ
563 131 746 212 ἡμέρῃ
784 133 876 193 ἐπὶ
910 132 977 193 τὸ
1008 131 1369 207 Ἀρτεμίσιον
1403 127 1757 201 ἐπελέξαντο·
1808 130 1898 192 τιὶ

266 220 327 280 δὲ
350 220 654 301 γράμματα
679 219 812 280 τάδε
841 221 1018 299 ἔλεγε·
1063 230 1097 254 “
1116 217 1308 295 ἄνδρες
1332 215 1537 287 Ἴωνες,
1566 217 1631 276 οὗ
1657 218 1897 279 ποιέετε

267 308 449 368 δίκαια
503 308 595 368 ε’πὶ
646 308 776 372 τούς
820 307 1070 384 ’πατέρας
1123 303 1570 382 στρατευόμενοι,
1627 306 1721 365 καὶ
1767 306 1897 382 τήν

262 393 522 455 Ἐλλάδα
562 395 1085 470 καταδουλούμενοι·
1128 391 1282 453 ἄλλο’.
1313 390 1570 471 μάλιστα
1598 396 1704 469 μὲν
1731 395 1898 472 πρὸς

264 483 450 561 ἡμέων
487 484 731 565 γίνεσθε·
788 487 836 543 εἰ
875 483 936 543 δὲ
974 482 1107 559 ὑμῖν
1147 486 1272 541 ἐστι
1310 484 1477 541 τοῦτο
1517 480 1599 558 μὴ
1639 481 1897 544 δυνατόν

265 574 519 646 ποιῆσαι,
560 570 722 646 ὖμέες
775 570 835 630 δὲ
878 572 957 630 ἔτι
999 571 1091 629 καὶ
1131 573 1228 629 νῦν
1269 573 1330 628 ἐκ
1368 572 1469 629 τοῦ
1515 570 1697 645 μέσου
1733 569 1897 647 ἡμῖν

267 658 461 728 ἕζεσθε
504 658 595 717 καὶ
636 655 810 729 αὐτοὶ,
853 659 947 717 καὶ
984 662 1096 717 τῶν
1136 660 1342 733 Καρῶν
1382 656 1577 716 δέεσθε
1615 656 1689 716 τὰ
1728 656 1896 718 αὐτὰ

264 743 395 820 ύμῖν
447 745 673 805 ποιέειν·
759 749 807 805 εἰ
857 746 917 805 δὲ
981 745 1285 822 μηδέτερον
1350 743 1559 805 τούτων
1626 744 1747 805 οἶόν
1820 773 1894 807 τε

265 832 537 912 γίνεσθαι,
576 831 708 892 ἀλλ’
745 831 836 892 ὑπ’
869 832 1173 912 ἀναγκαίης
1203 832 1433 909 μέζονος
1472 832 1813 912 κατέζευχθε
1850 834 1895 912 ἢ

267 918 413 979 ὥστε
445 920 811 990 ἀπίστασθαι,
840 920 1001 997 ὑμέες
1039 946 1107 1001 γε
1140 923 1199 980 ἐν
1228 948 1307 1003 τῳ
1335 919 1494 1000 ἔργῳ,
1521 918 1692 1025 {vn-affut
1725 947 1894 999 σ-υμ-

264 1008 572 1116 μίσγωμεν,
612 1009 1015 1079 ἐθελοκακέετε,
1050 1008 1394 1083 μεμνημένοι
1429 1005 1516 1066 ὅτι
1549 1006 1643 1066 ἀπ’
1684 1006 1895 1083 ἡμέων

264 1095 532 1176 γεγόνατε
571 1096 663 1156 καὶ
706 1095 793 1157 ὅτι
835 1095 1083 1175 ἀρχῆθεν
1113 1094 1152 1171 ἡ
1188 1095 1359 1173 ἔχθρη
1402 1120 1545 1171 προς
1583 1120 1684 1154 τον
1722 1097 1893 1175 βάρ-

265 1185 450 1260 βαρον
490 1183 586 1244 ἀπ’
625 1183 805 1261 υμέων
842 1182 978 1260 ἡμῖν
1023 1180 1270 1296 ‘'ye'yoveff‘
1352 1183 1774 1259 Θεμιστοκλέης
1822 1186 1894 1247 δὲ

263 1276 440 1332 ταῦτα
486 1274 708 1354 ἔγραψε,
765 1272 973 1331 δοκέειν
1019 1270 1159 1347 ἐμοὶ,
1210 1268 1292 1328 ἔπ’
1341 1268 1631 1346 ἀμφότερα
1679 1272 1891 1335 νοέων·

267 1360 356 1418 ἵνα
380 1359 418 1434 ἦ
445 1359 694 1419 λαθόντα
724 1385 795 1418 τα
830 1383 1138 1439 γραμματα
1161 1358 1417 1433 βασιλέα
1432 1354 1625 1420 Ῑωνας
1651 1359 1893 1442 ποιήσῃ

264 1446 637 1522 μεταβαλέειν
682 1446 774 1507 καὶ
814 1446 1081 1525 γενέσθαι
1120 1445 1261 1522 πρός
1293 1448 1518 1516 ἑωυτῶν,
1556 1443 1609 1520 ἢ,
1645 1449 1782 1505 ε’πεί
1819 1475 1894 1512 τε

264 1530 555 1612 ἀνενειχθῇ
623 1533 714 1592 καὶ
772 1533 1063 1643 διαβληθῇ
1115 1532 1256 1610 πρός
1313 1533 1540 1610 Ξέρξεα,
1593 1531 1896 1603 ἀπίστους
2079 1566 2081 1569 ·

264 1619 479 1699 ποιήσῃ
544 1620 674 1685 τούς
713 1618 909 1685 Ἴωνας
962 1621 1056 1681 καὶ
1106 1624 1218 1681 τῶν
1276 1621 1619 1731 ναυμαχιέων
1668 1620 1895 1691 αὐτους
2078 1572 2081 1697 4

270 1707 351 1768 σῖπ
2077 1762 2078 1767 ,

169 1798 249 1859 23
347 1800 764 1876 Θεμιστοκλέης
789 1801 893 1877 μεν
917 1802 1095 1859 ταῦτα
1133 1800 1419 1887 ἐνέγραψε·
1458 1800 1611 1858 τοῖσι
1634 1797 1696 1858 δὲ
1719 1776 1893 1880 βαρ.ι
2076 1770 2078 1871 4

263 1885 503 1962 βάροισι
567 1886 763 1948 αὐτίκα
806 1910 959 1964 μετα
1026 1890 1203 1946 ταῦτα
1270 1887 1450 1965 πλοίῳ
1515 1885 1656 1961 ἦλθε
1721 1886 1893 1969 ἀνὴρ

262 1971 569 2046 Ιστιαιεύς,
599 1974 892 2056 ἀγγέλλων
925 1999 1026 2034 τον
1063 1973 1318 2052 δρησμον
1356 1999 1457 2034 τον
1496 1973 1589 2032 απ’
1613 1972 1894 2055 Ἄρτεμι..
2074 1936 2076 2045 4

269 2063 399 2121 σίου
442 2066 552 2123 τῶν
595 2061 902 2138 Ἑλλήνων.
984 2064 1041 2121 οἱ
1086 2062 1133 2120 δ’
1180 2060 1271 2121 ὑπ’
1317 2060 1583 2138 ἀπιστίης
1620 2060 1721 2122 τᾶν
1769 2069 1893 2140 μὲν

264 2147 619 2230 ἀγγέλλοντα
651 2151 803 2229 εἶχον
841 2155 899 2210 ἐν
936 2153 1183 2229 φυλακῇ,
1213 2154 1348 2225 νῆας
1384 2150 1443 2208 δὲ
1474 2148 1698 2228 ταχείας
1731 2151 1890 2215 ἅπέ-
2072 2088 2074 2221 4

264 2239 498 2296 στειλαν
532 2239 1045 2315 προκατοψομένας·
1089 2236 1545 2318 ἀπαγγειλάντων
1572 2237 1629 2317 ἃ
1655 2237 1894 2304 τούτων

263 2347 336 2382 τα
354 2321 439 2397 ἦν,
457 2322 598 2382 οὕτω
618 2321 746 2398 δὴ”
709 2348 826 2400 αμα
851 2325 993 2405 ἡλίῳ
1021 2325 1367 2403 σκιδναμένω
1385 2346 1547 2384 πασα
1568 2323 1605 2400 ἡ
1625 2330 1894 2409 στρατιῆ
2070 2254 2072 2395 4

265 2409 442 2469 ἔπλωε
479 2408 625 2486 αλης
670 2411 760 2471 ἐπὶ
790 2412 859 2472 τό
889 2410 1268 2490 Ἀρτεμίσιον·
1333 2412 1656 2491 ἐπισχόντες
1705 2411 1777 2473 δὲ
1828 2423 1897 2480 ἐν
2069 2472 2070 2479 ,

263 2496 438 2575 τούτω
460 2522 538 2577 τω
561 2524 723 2579 χωρῳ
755 2500 924 2579 μέχρι
962 2501 1145 2578 μέσου
1177 2499 1404 2578 ἡμέρης,
1431 2525 1497 2561 το
1527 2499 1637 2559 οἷπὸ
1664 2502 1897 2568 τούτου
2068 2484 2070 2569 4

264 2583 479 2644 ἔπλωον
505 2591 561 2649 ές
589 2585 881 2663 Ἱστιαίην·
924 2586 1250 2665 απικόμενοι
1277 2587 1337 2647 δὲ
1362 2587 1465 2664 τὴν
1496 2587 1666 2647 πόλιν
1693 2588 1901 2671 ἔσ-χον

261 2673 372 2730 τῶν
405 2671 725 2743 Ἱστιαιέων,
771 2676 862 2734 καὶ
902 2678 1003 2749 τῆς
1040 2675 1351 2751 Ἐλλοπίης
1393 2674 1603 2752 μοίρης,
1653 2678 1772 2755 γῆς
1828 2682 1900 2743 δὲ
2066 2612 2068 2745 4

260 2762 363 2834 τῆς
383 2758 787 2836 Ἱστιαιήτιδος,
814 2762 915 2825 τοὶς
939 2763 1419 2839 παραθαλασσίας
1456 2787 1640 2840 κωμας
1677 2765 1902 2837 πείσας
2065 2788 2066 2807 ¹

263 2845 592 2923 ἐπέδραμον.
2064 2810 2066 2919 4

167 2933 248 2993 24
342 2932 619 2995 Ἐνθαῦτα
643 2934 704 2993 δὲ
728 2934 934 2997 τούτων
955 2936 1170 3009 ἐόντων,
1190 2938 1455 3051 Ξέρξης“
1429 2963 1904 3016 ετοιμασαμενος
2063 2964 2064 2979 ’

261 3020 335 3080 τοὶ
400 3022 526 3099 περὶ
594 3046 722 3084 τους
774 3047 1012 3100 νεκρους,
1065 3025 1275 3103 ἔπεμπε
1333 3031 1389 3089 ἐς
1455 3050 1554 3086 τον
1609 3036 1905 3099 ναυτικὸν
2062 2984 2064 3093 4

262 3109 511 3185 στρατὸν
547 3108 775 3186 κήρυκα·
816 3112 1270 3189 προετοιμάσατο
1304 3114 1366 3173 δὲ
1397 3113 1548 3175 τάδε·
1594 3112 1735 3174 ὅσοι
1783 3131 1905 3188 τοῦ

261 3200 508 3271 στρατοῦ
551 3201 652 3258 τοῦ
697 3200 899 3259 ἑωυτοῦ
933 3196 1086 3279 ἦσαν
1121 3200 1305 3280 νεκροὶ
1340 3205 1401 3263 ε’ν
1435 3201 1906 3287 Θερμοπύλῃσι·
2060 3148 2062 3267 4
