2100 3409
237 39 464 106 59—63]
857 41 1265 91 ΤΕΝῙΧΟΡΗ.
1798 45 1862 94 27

237 123 480 203 ἰσχυρὰν
518 120 586 182 οὗ
626 121 940 199 προεχώρεε
982 122 1227 190 κάτοδος,
1265 119 1422 180 ἄλλα
1462 120 1847 197 προσέπταιον

234 210 501 291 μεγάλως
536 209 868 285 πειρώμενοι
905 210 1150 270 κατιέναι
1181 234 1241 268 τε
1276 208 1367 267 καὶ
1395 209 1723 284 ἐλευθεροῦν
1750 209 1850 271 τοὶς

234 297 498 373 Ἀθήνας,
536 297 872 376 Λειψύδριον
901 297 968 358 τὸ
1004 296 1143 374 ὑπὲρ
1180 298 1449 373 Παιονίης
1483 296 1849 374 τειχίσαντες·

237 386 480 446 ἐνθαῦτα
505 388 562 445 οἶ
585 384 1017 462 Ἀλκμαιωνίδαι
1046 391 1163 446 πᾶν
1195 386 1287 445 ἐπὶ
1321 389 1476 444 τοῖσι
1502 390 1848 461 Πεισιστρα-

235 473 428 551 τίδῃσι
469 472 876 553 μηχανώμενοι,
925 473 1057 552 παρ’
1103 472 1528 551 Ἀμφικτυόνων
1570 471 1669 532 τόν
1715 471 1851 547 νηὸν

236 563 578 635 μισθοῦνται
604 560 707 622 τὸν
738 566 797 621 ἐν
830 566 1137 638 Δελφοῖσι,
1164 562 1262 622 τόν
1297 564 1394 621 νῦν
1426 559 1590 621 ἐόντα
1624 559 1755 620 τότε
1790 560 1851 619 δὲ

239 648 399 719 οὔκω,
443 653 645 710 τοῦτον
686 650 1135 727 ἐξοικοδομῆσαι·
1196 650 1288 709 οἷα
1330 649 1390 708 δὲ
1435 649 1735 728 χρημάτων
1790 648 1849 707 εὖ
1891 671 1899 678 ’

237 735 468 811 ἥκοντες
499 737 593 795 καὶ
625 737 807 802 ἐόντες
838 736 1031 815 ἄνδρες
1064 737 1283 813 δόκιμοι
1315 737 1580 819 ἀνέκαθεν
1618 739 1713 807 ἔτι,
1748 737 1849 797 τόν

236 850 298 883 τε
323 823 463 900 νηόν
491 825 867 906 ἐξεργάσαπο
892 830 997 886 τοῦ
1021 826 1471 906 παραδείγματος
1498 824 1748 895 κάλλιον,
1776 824 1848 885 τά

236 937 299 971 τε
323 911 485 971 ἄλλα
511 913 605 970 καὶ
631 915 996 993 συγκειμένου
1035 921 1148 990 σφι
1184 913 1424 990 πωρίνου
1455 914 1618 973 λίθου
1644 914 1849 973 ποιέειν

183 1000 186 1003 ’
237 998 335 1059 τᾶν
378 999 531 1075 νηόν,
561 1001 781 1076 Παρίου
821 1001 893 1060 τσῖ
935 1001 1254 1077 ἔμπροσθεν
1287 1000 1455 1061 αὐτοῦ
1492 1002 1844 1076 ἐξεποίησαν.

238 1086 337 1150 Ὡς
367 1086 446 1147 ὧν
478 1086 547 1163 δὴ
583 1090 637 1146 οἷ
667 1086 957 1164 Ἀθηναῖοι
990 1090 1243 1170 λέγουσι,
1279 1087 1431 1149 οὗτοι
1471 1092 1523 1148 οἱ
1560 1086 1748 1165 ἄνδρες
1790 1095 1847 1148 ἐν
1867 1092 1940 1148 63

240 1178 536 1251 Δελφοῖσι
556 1174 859 1252 κατήμενοι
879 1175 1173 1236 ἀνέπειθον
1202 1176 1307 1252 τὴν
1335 1177 1554 1251 Πυθίην
1573 1175 1845 1253 χρήμασι,

239 1260 377 1326 ὅκως
423 1263 640 1322 ἔλθοιεν
682 1262 1069 1340 Σπαρτιητέων
1112 1262 1303 1340 ἄνδρες
1346 1265 1452 1322 εἴτε
1503 1263 1616 1342 ἰδίῳ
1656 1263 1847 1342 στόλῳ

241 1349 349 1409 εἴτε
374 1350 631 1428 δημοσίῳ
651 1350 1011 1428 χρησόμενοι,
1034 1353 1339 1427 προφέρειν
1360 1359 1472 1426 σφι
1490 1350 1592 1414 τσῖς
1609 1350 1848 1426 Ἀθήνας

241 1438 588 1515 ἐλευθεροῦν.
671 1437 1101 1515 Λακεδαιμόνιοι
1142 1440 1216 1509 δὲ,
1263 1439 1332 1503 ὥς
1371 1446 1483 1516 σφι
1524 1440 1630 1498 αἰεὶ
1669 1439 1844 1500 τωῦτὸ

239 1524 569 1601 πρόφαντον
601 1526 834 1605 ἐγένετο,
864 1530 1155 1603 πέμπουσι
1177 1526 1548 1607 Ἀγχιμόλιον
1580 1526 1680 1587 τὸν
1711 1526 1847 1587 Ἀσ-

237 1613 411 1690 τέρος,
443 1613 609 1673 ἐόντα
634 1617 744 1673 τῶν
778 1613 967 1673 α’στῶν
1003 1614 1178 1691 ἄνδρα
1210 1615 1457 1692 δόκιμον,
1489 1615 1596 1684 σῦν
1624 1620 1847 1694 στρατῷ

239 1700 515 1769 ἐξελῶντα
542 1702 1016 1778 Πεισιστρατίδας
1042 1704 1105 1772 ἐξ
1126 1703 1419 1777 Ἀθηνέων,
1442 1703 1589 1778 ὅμως
1616 1702 1706 1761 καὶ
1742 1703 1845 1771 ξει-

238 1789 384 1854 νίους
425 1797 541 1866 σφι
589 1788 778 1853 ἐόντας
823 1790 895 1850 ‘td
940 1791 1213 1867 μάλιστα·
1277 1791 1347 1849 τὰ
1398 1790 1508 1870 γὰρ
1562 1795 1662 1849 τοῦ
1713 1792 1844 1850 θεοῦ

239 1877 606 1955 πρεσβύτερα
642 1882 925 1939 ἐποιεῦντο
961 1876 999 1954 ἢ
1030 1878 1103 1936 τοὶ
1135 1882 1245 1937 τῶν
1272 1878 1500 1953 ἀνδρῶν·
1556 1880 1845 1954 πέμπουσι

240 1963 298 2022 δὲ
345 1965 579 2029 τούτους
621 1965 760 2024 κατὰ
806 1964 1111 2026 θάλασσαν
1153 1966 1434 2025 πλοίοισι.
1544 1964 1576 2026 ὁ
1620 1968 1723 2041 μὲν
1776 1965 1844 2041 δή

240 2051 513 2131 προσχαῗν
540 2044 596 2117 ἐς
622 2053 909 2130 Φάληρον,
930 2054 1033 2129 τὴν
1066 2053 1337 2131 στρατιὴν
1371 2053 1650 2130 ἀπέβησε·
1695 2058 1748 2113 οἱ
1782 2054 1841 2113 δὲ

242 2140 710 2218 Πεισιστρατίδαι
728 2142 1245 2218 προπυνθανόμενοι
1263 2147 1455 2212 ταῦτα,
1478 2143 1843 2201 ἐπεκαλέοντο

241 2230 300 2286 ἐκ
327 2229 658 2304 Θεσσαλίης
700 2230 1034 2305 ἐπικουρίην·
1080 2231 1377 2306 ἐπεποίητο
1403 2229 1514 2311 γάρ
1554 2237 1666 2306 σφι
1703 2255 1844 2306 συμ-

239 2316 416 2394 μαχίη
458 2314 602 2393 πρός
645 2315 861 2380 αὐτούς·
922 2317 1221 2377 Θεσσαλοὶ
1263 2318 1326 2376 δέ
1372 2325 1485 2395 σφι
1532 2318 1845 2394 δεομένοισι

240 2400 595 2481 ἀπέπεμψαν,
624 2407 779 2482 κοινῇ
798 2403 992 2484 γνώμῃ
1019 2404 1339 2483 χρεώμενοι,
1368 2407 1559 2485 χιλίην
1584 2431 1647 2465 τε
1676 2406 1846 2465 ἵππον

243 2491 333 2549 καὶ
361 2490 462 2551 τὸν
498 2492 754 2567 βασιλέα
787 2490 887 2551 τᾶν
924 2493 1208 2569 σφέτερον
1250 2494 1472 2568 Κινέην,
1516 2492 1688 2569 ἄνδρα
1729 2499 1843 2552 Κο-

241 2581 435 2638 νιαῖον·
491 2579 623 2642 τοῦς
665 2580 787 2638 ἐπεί
822 2605 888 2639 τε
927 2581 1100 2659 ἔσχον
1150 2579 1484 2658 συμμάχους
1540 2584 1595 2640 οἱ
1647 2587 1843 2640 Πεισι-

241 2667 549 2742 στρατίδαι,
589 2667 936 2746 ἐμηχανέατο
963 2667 1170 2727 τοιάδε·
1210 2669 1488 2745 κείραντες
1511 2673 1622 2728 τῶν
1647 2673 1836 2745 Φαλη-

239 2751 377 2828 ρέων
404 2753 474 2813 τό
512 2755 719 2827 πεδίον,
768 2756 861 2813 καὶ
902 2754 1220 2831 ἱππάσιμον
1265 2756 1601 2831 ποιήσαντες
1630 2760 1844 2815 τοῦτον

238 2839 337 2900 τᾶν
394 2846 597 2920 χῶρον,
662 2847 872 2918 ἐπῆκαν
929 2848 1006 2922 τῷ
1069 2843 1429 2922 στρατοπέδῳ
1481 2844 1587 2919 τὴν
1652 2844 1841 2902 ἵππον·

240 2931 572 3004 ἐμπεσοῦσα
630 2930 691 2989 δὲ
740 2931 1018 3008 διέφθειρε
1067 2929 1278 2993 ἄλλους
1329 2956 1394 2990 τε
1439 2923 1692 2990 πολλοῦς
1732 2933 1841 2986 τῶν

239 3017 687 3094 Λακεδαιμονίων
742 3019 834 3077 καὶ
887 3019 957 3094 δή
1000 3019 1092 3076 καὶ
1143 3017 1242 3077 τόν
1280 3016 1668 3097 Ἀγχιμόλιον,
1711 3036 1840 3073 τους

240 3102 301 3163 δὲ
357 3107 814 3186 περιγενομένους
877 3105 1060 3167 ava-⁰311
1114 3109 1169 3166 ἐς
1219 3103 1320 3165 τοὶς
1362 3102 1488 3161 νέας
1554 3095 1838 3169 κατέρξαν·

242 3187 277 3252 ὅ
318 3193 425 3272 μὲν
473 3191 543 3268 δὴ
591 3197 810 3270 πρῶτος
855 3193 1067 3256 στόλος
1117 3196 1177 3248 ἐκ
1236 3182 1649 3253 Aaxfflac'uovos
1702 3178 1842 3238 Οὕτω
