2100 3409
334 67 431 116 246
946 64 1314 114 ἮΡοΔοΤοϊ
1752 62 1932 129 [vm.

336 147 429 205 καὶ
454 143 698 222 Κύπριοι
723 144 817 204 καὶ
842 144 1075 208 Κίλικες
1111 145 1205 204 καὶ
1231 144 1567 223 Πάμφυλοι,
1592 147 1708 206 τῶν
1731 143 1936 222 ὄφελός

243 235 364 293 69’
340 259 462 293 εστι
516 231 721 294 ουδέν.”
827 236 1015 292 Ταῦτα
1068 232 1349 339 λεγούσης
1405 258 1548 310 προς
1602 232 1932 309 Μαρδόνιον,

337 321 466 382 ὅσοι
495 324 618 430 apkv
669 319 818 396 ἦσαν
884 317 1063 379 εὔνοοι
1120 324 1192 398 τῇ
1243 319 1575 399 Ἀρτεμισίῃ
1636 318 1931 397 συμφορὴν

337 415 618 470 ἐποιεῦντο
643 433 773 471 τους
798 408 1018 488 λόγους,
1048 405 1119 470 ὥς
1156 406 1326 467 κακόν
1350 432 1406 468 τι
1435 409 1778 484 πεισομένης
1803 433 1930 483 προς

336 499 631 575 βασιλέος,
679 494 765 555 ὅτι
811 494 910 555 οὐκ
955 498 1020 574 ἐᾷ
1065 520 1377 574 ναυμαχιην
1419 496 1734 556 ποιέεσθαι·
1788 521 1841 554 οι
1878 494 1928 552 δὲ

339 584 666 667 ἀγαιόμενοί
685 609 749 644 τε
774 584 869 642 καὶ
894 583 1228 658 φθονέοντες
1257 581 1415 662 αὐτῇ,
1446 581 1545 643 ἅτε
1583 588 1642 643 ἐν
1668 582 1925 660 πρώτοισι

335 674 699 750 τετιμημένης
738 671 830 732 διὰ
869 669 1090 730 πάντων
1128 673 1239 729 τῶν
1278 669 1611 749 συμμάχων,
1647 671 1924 747 ἐτέρποντο

334 765 409 840 τῇ
447 762 616 838 κρίσι,
654 760 725 825 ὥς
756 758 1139 833 ἀπολεομένης
1170 757 1354 833 αὐτῆς.
1442 759 1563 817 ἐπεὶ
1600 758 1661 817 δὲ
1693 757 1922 836 ἀνηνείχ-

340 849 524 925 θησαν
575 852 633 909 αἶ
686 852 903 931 γνῶμαι
949 850 1004 909 ἐς
1049 844 1279 923 Ξέρξεα,
1327 844 1504 922 κάρτα
1556 872 1619 905 τε
1672 845 1825 921 ἥσθη
1864 849 1923 922 τῇ

339 935 531 1016 γνώμῃ
570 940 671 1012 τῆς
709 934 1084 1012 Ἀρτεμισίης,
1129 933 1222 992 καὶ
1269 935 1502 1010 νομίζων
1548 934 1631 993 ἔτι
1672 931 1923 1010 πρότερον

340 1025 652 1101 σπουδαίην
679 1024 834 1093 εἶναι,
860 1021 988 1084 τότε
1012 1024 1215 1101 πολλῷ
1249 1026 1476 1099 μᾶλλον
1501 1023 1669 1082 αἴνεε·
1713 1020 1853 1097 ὅμως
1873 1020 1922 1078 δὲ

338 1116 493 1172 τοῖσι
549 1114 758 1173 πλέοσι
819 1110 1117 1171 πείθεσθαι
1171 1081 1388 1169 ἐκέλευε
1438 1108 1586 1177 ταδε,
1641 1108 1921 1177 καταδόξας

339 1226 483 1279 προς
505 1203 609 1278 μὲν
608 1199 855 1310 “Evssot'y
882 1198 1068 1274 σφέας
1098 1197 1476 1257 ἐθελοκακέειν
1512 1196 1583 1260 ὥς
1616 1223 1683 1256 ου
1714 1192 1920 1273 παρῦν·

338 1315 436 1352 τος
465 1289 652 1350 αυτοῦ·
692 1289 819 1350 τότε
855 1288 914 1347 δὲ
953 1285 1119 1348 αὐτος
1151 1284 1580 1363 παρεσκεύαστο
1624 1283 1921 1361 θεήσασθαι

342 1379 770 1455 ναυμαχέοντας.

247 1463 323 1522 70
423 1462 648 1536 Ἐπειδὴ
689 1463 749 1521 δὲ
788 1461 1191 1543 παρήγγελλον
1225 1458 1555 1530 οἷναπλῶειν,
1593 1458 1803 1540 ἐνῆγον
1838 1483 1922 1521 τας

343 1551 477 1624 νῆας
509 1550 601 1607 ἐπὶ
636 1548 740 1625 τὴν
780 1549 1093 1627 Σαλαμῖνα,
1128 1549 1219 1608 καὶ
1259 1548 1681 1625 παρεκρίθησαν
1722 1546 1920 1625 διαταχ-

343 1636 525 1700 θέντες
578 1636 695 1696 κατ’
735 1635 996 1717 ἡσυχίην.
1078 1636 1206 1699 τότε
1250 1637 1355 1712 μέν
1395 1661 1491 1696 νυν
1531 1634 1633 1695 οὐκ
1673 1629 1922 1714 ἐξέχρησέ

342 1732 455 1801 σφι
488 1724 528 1801 ἦ
560 1724 740 1803 ἦμέρη
775 1728 1087 1805 ναυμαχίην
1118 1725 1491 1800 ποιήσασθαι·
1540 1723 1643 1793 νῦξ
1676 1722 1784 1804 γοῖρ
1819 1727 1922 1782 ἐπε·

338 1815 549 1894 γένετο·
619 1817 672 1873 οἱ
724 1815 784 1873 δὲ
835 1813 1314 1891 παρεσκευάζοντο
1369 1817 1423 1875 ἐς
1472 1810 1578 1888 τὴν
1624 1811 1921 1889 ὑστεραίην.

340 1927 469 1965 τους
514 1902 575 1961 δε
616 1901 904 1978 Ελληνας
957 1901 1075 1981 εἶχε
1128 1902 1249 1964 δέος
1288 1927 1353 1960 τε
1398 1901 1491 1959 καὶ
1534 1898 1791 1977 αρρωδίη,
1836 1896 1921 1957 οὐκ

341 1987 548 2063 ἥκιστα
587 1990 647 2049 δε
684 2016 815 2053 τους
851 1988 966 2050 οἷπο
1008 1987 1477 2095 Πελοποννήσου·
1546 1986 1902 2064 ἀρρώδεον

340 2075 428 2136 ὅτι
463 2076 620 2138 αὐτοὶ
654 2104 757 2155 μεν
792 2082 851 2138 ἐν
887 2080 1169 2153 Σαλαμῖνι
1207 2075 1505 2152 κατήμενοι
1541 2068 1685 2150 υπέρ
1715 2077 1817 2154 γῆς
1836 2076 1920 2146 τῆς

339 2161 645 2239 Ἀθηναίων
690 2165 1020 2243 ναυμαχέειν
1062 2165 1348 2241 μέλλοιεν·
1410 2161 1723 2237 νικηθέντες
1760 2184 1833 2229 τε,
1871 2162 1919 2216 ἐν

340 2251 494 2328 νήσῳ
534 2250 1002 2326 ἀπολαμφθέντες
1040 2250 1520 2328 πολιορκήσονται
1569 2247 1797 2311 ἀπέντες
1833 2243 1919 2321 τὴν

343 2340 553 2397 ἑωυτῶν
579 2335 923 2412 ἀφύλακτον.

222 2419 319 2488 ’71
422 2428 545 2484 Τῶν
591 2424 650 2484 δὲ
701 2424 1014 2503 βαρβάρων
1062 2425 1095 2485 ὅ
1135 2425 1299 2496 πεζός
1339 2422 1452 2484 ὖπό
1481 2422 1585 2500 τὴν
1619 2424 1918 2500 παρεοῦσαν

340 2513 507 2573 νύκτα
545 2513 835 2591 ἐπορεύετο
872 2515 963 2573 ἐπὶ
998 2512 1104 2589 τήν
1137 2512 1600 2588 Πελοπόννησον·
1660 2512 1832 2570 καίτοι
1858 2506 1917 2569 τὰ

339 2601 542 2661 δυνατᾶ
574 2601 759 2662 πάντα
795 2600 1201 2679 ἐμεμηχάνητο,
1246 2597 1385 2662 ὅκως
1427 2598 1545 2658 κατ’
1587 2598 1812 2675 ἤπειρον
1847 2593 1916 2673 μή

340 2688 645 2763 ἐσβάλοιεν
671 2693 730 2749 οἱ
750 2689 1058 2766 βάρβαροι.
1145 2687 1215 2750 ὥς
1249 2687 1360 2768 γὰρ
1399 2687 1671 2748 ἐπύθοντο
1697 2685 1916 2764 τάχιστα

341 2776 792 2850 Πελοποννήσιοι
815 2776 942 2838 τούς
969 2773 1122 2851 ἆμφὶ
1146 2774 1420 2834 Λεωνίδεα
1447 2779 1506 2834 ἐν
1532 2772 1916 2851 Θερμοπύλῃσι
1999 2811 2012 2835 ι

337 2861 797 2936 τετελευτηκέναι,
829 2862 1238 2938 συνδραμόντες
1273 2866 1334 2921 ἐκ
1366 2865 1477 2922 τῶν
1511 2861 1726 2921 πολίων
1762 2864 1814 2923 ἐς
1836 2856 1917 2917 τᾶν

336 2948 572 3027 Ἰσθμὸν
599 2948 798 3018 ἵζοντο·
828 2949 925 3007 καί
946 2955 1060 3024 σφι
1086 2953 1226 3025 ἐτι-ἣν
1252 2948 1570 3029 στρατηγὸς
1598 2946 1914 3024 Κλεόμβρο-

338 3064 433 3101 τος
451 3037 483 3097 ὁ
502 3034 951 3110 Ἀναξανδρίδεω,
972 3038 1257 3096 Λεωνίδεω
1276 3037 1335 3095 δὲ
1362 3035 1654 3112 ἀδελφεός·
1703 3034 1917 3111 ἱζόμενοι

341 3125 401 3183 δὲ
443 3130 501 3185 ἐν
540 3128 618 3203 τῷ
662 3121 878 3199 Ἰσθμῷ
921 3122 1013 3180 καὶ
1056 3125 1452 3204 συγχώσαντες
1491 3124 1595 3199 τὴν
1639 3120 1920 3199 Σκιρωνίδα

339 3210 487 3282 ὅδὸν,
540 3210 685 3290 μετὰ
731 3211 916 3279 τοῦτο,
964 3208 1034 3271 ὥς
1081 3215 1196 3285 σφι
1247 3210 1398 3281 ἔδοξε
1450 3209 1920 3288 βουλευομένοισι,
