2100 3409
119 69 391 136 ,es-68]
818 68 1125 121 OTPANIA.
1682 71 1777 121 245

127 152 323 217 Ἐπεὶ
380 151 445 211 δὲ
483 146 711 227 περιῖὢν
751 148 947 227 εἶρῶτα
1000 149 1034 210 ὁ
1087 148 1422 228 Μαρδόνιος,
1470 149 1778 229 ἀρξάμενος
1794 156 1873 214 68

141 242 273 302 ἀπό
299 243 408 300 τοῦ
435 238 716 308 Σιδωνίου,
745 240 799 297 οἱ
823 238 928 313 μὲν
958 235 1133 297 ἄλλοι
1164 236 1307 298 κατὰ
1344 237 1520 298 τῶυτό
1552 239 1778 318 γνώμην

143 329 500 406 ἐξεφέροντο
544 326 859 391 κελεύοντες
893 328 1209 407 ναυμαχίην
1243 329 1550 401 ποιέεσθαι,
1588 327 1776 405 Ἀρτε-

141 419 330 495 μισίη
359 416 421 475 δὲ
445 415 578 475 τάδε
605 414 735 490 ἔφη·
777 424 812 451 “
829 419 1003 475 εἰπεῖν
1026 441 1126 492 μοι
1151 415 1292 493 πρὸς
1316 417 1587 491 βασιλέα,
1616 422 1774 493 Map-

145 504 326 575 δόνιε,
358 503 430 567 ὥς
467 502 575 583 ἐγώ
607 501 740 562 τάδε
779 503 946 585 λέγω·
990 503 1118 563 οὔτε
1162 504 1435 580 κακίστην
1473 506 1777 585 γενομένην

147 598 216 651 ἐν
255 597 402 670 τῇσι
450 591 794 668 ναυμαχίῃσι
832 595 970 671 τῇσι
1013 590 1155 669 πρός
1195 589 1433 670 Εὐβοίῃ,
1477 591 1606 652 οὔτε
1648 592 1775 652 ἑλά-

144 703 342 758 χιστα
367 678 801 754 ἀποδεξαμένην,
828 679 1096 750 δέσποτα,
1122 677 1288 754 τήνδε
1321 683 1526 738 ἐοῦσαν
1548 680 1774 761 γνώμην

146 792 231 844 με
262 763 482 826 δίκαιόν
513 771 669 825 ἐστιν
699 765 1150 836 ἀποδείκνυσθαι,
1175 765 1248 827 τοὶ
1281 767 1538 847 τυγχάνω
1576 771 1773 846 φρονέ-

150 880 311 914 ovo-a.
358 851 567 930 ἄριστα
620 859 676 917 ἐς
727 853 1032 935 πρήγματα
1077 854 1148 914 τοὶ
1196 854 1293 913 σά.
1378 856 1476 914 καί
1513 882 1603 916 τοι
1642 856 1773 916 τάδε

149 943 334 1022 λέγω·
393 941 584 1016 φείδεο
616 946 729 1002 τῶν
763 946 922 1017 νηῶν,
954 943 1097 1019 μηδὲ
1131 943 1447 1021 ναυμαχίην
1479 947 1655 1005 ποιέο·
1719 949 1774 1004 οἶ

150 1028 268 1109 γὰρ
298 1027 494 1106 ἄνδρες
516 1033 628 1089 τῶν
658 1033 777 1089 σῶν
813 1028 1026 1106 ἀνδρῶν
1060 1032 1361 1107 κρέσσονες
1395 1032 1635 1092 τοσοῦτό
1663 1037 1773 1092 εἶσι

154 1116 308 1175 κατὰ
336 1116 717 1186 θάλασσαν,
685 1142 826 1176 οσον
855 1115 1048 1194 ανδρες
1080 1123 1371 1197 γυναικῶν.
1452 1122 1513 1178 τί
1546 1120 1606 1178 δε
1636 1120 1773 1180 ποίν-

153 1196 304 1266 rw?
314 1204 426 1262 δέει
472 1230 543 1263 σε
582 1205 928 1282 ναυμαχίῃσι
968 1203 1433 1265 ἀνακινδυνεύειν·
1419 1231 1433 1273 ;
1489 1205 1588 1264 οὐκ
1631 1208 1772 1284 ἔχεις

153 1292 265 1368 μὲν
308 1315 412 1354 τας
454 1290 697 1367 Ἀθήνας
733 1296 948 1367 τῶνπερ
991 1291 1172 1351 εἵνεκα
1214 1291 1474 1369 ὦρμήθης
1510 1293 1772 1370 στρατεύ·

157 1380 348 1449 εσθαι,
378 1380 521 1457 ἔχεις
558 1379 617 1438 δὲ
641 1379 745 1455 τήν
770 1378 957 1454 ἄλλην
980 1378 1269 1448 Ἑλλάδας
1313 1380 1568 1457 ἐμποδῶν
1594 1381 1657 1441 δέ
1683 1407 1771 1441 τοι

159 1466 393 1525 ἵσταται
436 1465 630 1529 οὐδείς·
700 1466 754 1525 οἳ
795 1465 843 1525 δ’
890 1467 970 1526 ἔτι
1016 1466 1385 1544 ἀντέστησαν,
1430 1468 1772 1546 ἀπήλλαξαν

159 1551 305 1612 οὕτω
339 1552 413 1616 ὦς
446 1554 653 1617 κείνους
689 1555 911 1630 ἔπρεπε.
990 1559 1065 1633 τῇ
1097 1556 1157 1614 δὲ
1188 1555 1296 1636 ἐγώ
1341 1556 1508 1616 δοκέω
1549 1557 1772 1634 ἀποβή-

158 1642 375 1701 σεσθαι
439 1640 512 1701 τά
581 1644 694 1702 τῶν
761 1641 1147 1719 ἀντιπολέμων
1214 1643 1535 1723 πρήγματα,
1603 1648 1772 1704 τοῦτο

159 1726 392 1806 φράσω·
439 1727 509 1804 ἦν
543 1731 648 1804 μὲν
678 1754 759 1835 μη
794 1731 1058 1808 ἐπειχθῇς
1088 1731 1400 1808 ναυμαχίην
1430 1731 1769 1807 ποιεύμενος,

157 1814 321 1876 ἀλλά
360 1815 462 1878 τοὶς
502 1820 638 1891 νῆας
679 1815 848 1876 αὐτοῦ
892 1817 1022 1894 ἔχῃς
1065 1817 1207 1893 πρὸς
1246 1820 1324 1896 γῇ
1364 1817 1558 1893 μένων,
1598 1815 1637 1892 ἢ
1679 1819 1771 1876 καὶ

157 1903 489 1980 προβαίνων
541 1907 595 1966 ἐς
651 1902 755 1978 τὴν
823 1903 1284 1979 Πελοπόννησον,
1341 1902 1604 1966 εὐπετέως
1662 1929 1769 1973 τοι,

157 1991 434 2059 δέσποτα,
470 1991 718 2070 χωρήσει
751 1991 824 2050 τοὶ
852 1992 1022 2051 νοέων
1053 1991 1350 2066 ἐλήλυθας·
1420 1989 1485 2051 οὗ
1519 1990 1630 2071 γὰρ
1663 1991 1777 2050 οἶοί

156 2105 221 2138 τε
272 2077 500 2139 πολλὸν
545 2079 750 2158 χρόνον
797 2081 914 2139 εἰσί
953 2105 1042 2139 τοι
1089 2077 1340 2158 ἀντέχειν
1388 2082 1443 2139 οἵ
1472 2078 1769 2153 Ἕλληνες,

158 2164 322 2225 ἀλλά
375 2173 559 2242 σφεας
612 2167 926 2245 διασκεδᾷς·
1007 2166 1151 2226 κατά
1209 2167 1376 2231 πόλις
1430 2167 1490 2226 δὲ
1543 2167 1801 2226 ἕκαστοί

160 2252 486 2329 φεύξονται·
544 2251 670 2313 οὔτε
698 2280 810 2335 γαρ
842 2258 1002 2318 σῖτος
1033 2281 1187 2332 παρα
1219 2255 1451 2331 σφίσι’
1425 2282 1486 2315 εν
1512 2257 1588 2333 τῇ
1617 2253 1771 2333 νήσω

158 2341 458 2421 ταύτῃ,ως
484 2341 591 2422 ἐγω
625 2341 991 2419 πυνθάνομαι,
1020 2342 1148 2402 οὔτε
1180 2342 1381 2406 αὐτους
1406 2343 1571 2412 οἷκός,
1599 2341 1671 2419 ἢν
1695 2368 1771 2402 συ

162 2429 257 2488 ἐπὶ
283 2428 390 2504 τὴν
426 2429 872 2505 Πελοπόννησον
907 2430 1143 2508 ἐλαύνῃς
1176 2429 1276 2490 τὸν
1306 2430 1476 2502 πεζον
1508 2430 1769 2507 στρατόν,

162 2516 447 2593 ἀτρεμιεῖν
498 2516 628 2580 τούς
674 2517 882 2577 ἐκεῖθεν
923 2516 1106 2576 αὐτῶν
1155 2516 1410 2593 ἥκοντας·
1493 2516 1621 2576 οὐδέ
1659 2523 1773 2592 σφι

162 2602 410 2680 μελήσει
461 2603 572 2681 πρὸ
631 2608 742 2664 τῶν
796 2602 1107 2679 Ἀθηναίων
1158 2605 1507 2683 ναυμαχέειν.
1587 2602 1659 2680 ἦν
1711 2605 1773 2665 δὲ

166 2689 365 2750 αὐτίκα
392 2692 657 2770 ἐπειχθῇς
681 2695 1063 2770 ναυμαχῆσαι,
1086 2691 1342 2769 δειμαίνω
1367 2693 1451 2769 μὴ
1470 2691 1502 2753 ὅ
1517 2693 1772 2757 ναυτικὸς

167 2778 412 2855 στρατός
439 2780 701 2842 κακωθεὶς
727 2779 828 2839 τὸν
853 2778 1024 2849 πεζόν
1059 2780 1550 2857 προσδηλήσηται.
1631 2779 1774 2858 πρὸς

168 2866 245 2935 δὲ,
280 2863 324 2924 ὦ
357 2867 627 2942 βασιλεῦ,
652 2867 755 2925 ’καὶ
796 2867 924 2927 τόδε
962 2870 1016 2927 ἐς
1061 2867 1237 2942 θυμὸν
1267 2870 1473 2944 βαλεΰ,
1509 2866 1580 2932 ὥς
1617 2872 1772 2928 τοῖσι

167 2954 271 3030 μὲν
296 2955 605 3031 χρηστοῖσι
630 2958 741 3014 τῶν
766 2953 1067 3031 ἀνθρώπων
1099 2957 1260 3014 κακοὶ
1285 2956 1480 3016 δοῦλοι
1507 2956 1771 3030 φιλέουσι

169 3040 443 3121 γίνεσθαι,
486 3045 640 3101 τοῖσι
681 3042 741 3100 δὲ
785 3045 1009 3101 κακοῖσι
1052 3045 1313 3119 χρηστοί·
1381 3043 1480 3101 σοὶ
1520 3041 1581 3099 δὲ
1627 3039 1770 3097 ἐόντι

170 3127 379 3208 ἀρίστῳ
432 3126 644 3205 ἀνδρῶν
694 3129 914 3189 πάντων
969 3129 1131 3187 κακοὶ
1181 3129 1378 3189 δοῦλοί
1424 3129 1551 3196 εἶσι,
1603 3124 1658 3183 οἳ
1712 3128 1771 3182 ἐν

87 3245 92 3251 ·
172 3214 487 3294 συμμάχων
512 3215 668 3297 λόγῳ
693 3216 957 3297 λέγονται
982 3214 1140 3284 εἶναι,
1169 3216 1348 3278 ἐόντες
1385 3210 1684 3292 Αἰγύπτιοί
1707 3234 1772 3270 τε
