2100 3409
328 50 427 102 262
938 49 1305 99 ἨΡοΔοΤοΤ
1749 49 1931 115 [vm.

328 134 481 192 τοῖσι
520 128 749 212 λόγοισι
788 126 862 189 τδ,
898 129 1033 210 ἔργα
1078 127 1417 205 πειρώμενον
1455 126 1645 205 ὁμοῖα.
1727 128 1929 206 ταύτην

328 221 432 295 μὲν
461 217 564 294 τὴν
589 216 802 294 ήμέρην
837 222 890 280 ἐς
923 220 1168 277 τοσοῦτο
1202 216 1434 296 ἐγίνετο·
1485 220 1589 293 τῆς
1625 216 1695 283 δὲ
1724 217 1925 286 νυκτός,

335 306 701 368 κελεύσαντος
734 305 1012 380 βασιλέος
1036 303 1137 367 τοὶς
1163 306 1300 380 νῆας
1328 307 1380 362 οἱ
1408 304 1722 385 στρατηγοὶ
1748 310 1809 364 ἐκ
1833 307 1928 364 τοῦ

330 394 596 471 Φαλήρου
649 391 870 473 σῖπῆγον
910 390 1094 451 ὀπίσω
1117 395 1190 454 ’ἐς
1228 391 1329 451 τὸν
1366 390 1822 467 Ἑλλήσποντον,
1861 391 1922 454 ὥς

337 480 528 561 τάχεος
556 479 672 559 εἶχε
700 480 949 554 ἕκαστος,
974 478 1431 556 διαφυλαξούσας
1448 477 1551 541 τοῖς
1576 478 1812 557 σχεδίας
1831 505 1921 538 πο-

331 570 594 647 ρευθῆναι
629 568 890 642 βασιλέϊ.
961 568 1080 626 ἐπεὶ
1121 567 1181 627 δὲ
1223 565 1405 648 ἆγχοῧ
1442 563 1595 643 ἦσαν
1635 571 1923 644 Ζωστῆρος

329 655 611 718 πλώοντες
646 658 700 715 οἶ
731 654 1041 732 βάρβαροι,
1080 654 1429 714 ἀνατείνουσι
1458 653 1572 735 γαῖρ
1609 654 1774 731 ἄκραι
1800 659 1919 713 λεπ-

329 743 423 802 ταὶ
461 746 561 818 τῆς
600 742 849 820 ἠπείρου,
891 741 1095 805 ταύτας
1135 740 1327 812 ἔδοξάν
1364 767 1427 801 τε
1466 745 1603 817 νῆας
1644 741 1798 814 εἶναι,
1839 744 1919 801 καὶ

332 829 569 911 ἔφευγον
608 832 698 890 ἐπὶ
724 829 964 890 πολλόν·
1006 829 1188 910 χρόνῳ
1215 830 1276 889 δὲ
1299 828 1576 906 μαθόντες
1601 827 1691 890 ὅτι
1717 828 1784 888 οὖ
1808 833 1918 905 νῆες

333 917 440 977 εἶεν
459 917 589 976 ἀλλ’
619 918 797 995 ἅκραι,
826 918 1234 998 συλλεχθέντες
1260 917 1599 994 ἐκομίζοντο.

238 1006 353 1065 108
436 1003 533 1067 Ὡς
560 1005 618 1063 δὲ
645 1004 824 1082 ήμέρη
852 1005 1087 1087 ἐγένετο,
1116 1005 1365 1082 ὁρέοντες
1391 1007 1444 1064 οἱ
1472 1003 1753 1080 Ἕλληνες
1792 1001 1918 1064 κατὰ

337 1118 525 1171 χωρην
560 1093 797 1170 μένοντα
831 1092 930 1153 τᾶν
957 1091 1203 1170 στρατὸν
1237 1093 1336 1153 τόν
1361 1091 1546 1163 πεζὸν,
1572 1090 1814 1168 ἤλπιζον
1839 1091 1940 1177 καὶ·

330 1180 430 1244 τὰς
456 1184 593 1257 νῆας
620 1181 758 1240 εἶναι
778 1181 906 1258 περὶ
925 1179 1206 1256 Φάληρον·
1236 1179 1453 1240 ἐδόκεόν
1470 1204 1533 1239 τε
1551 1179 1918 1259 ναυμαχήσειν

333 1269 534 1343 σφέας,
577 1268 955 1346 παραρτέοντό
998 1293 1062 1327 τε
1110 1266 1180 1330 ὥς
1226 1266 1652 1344 ἀλεξησόμενοι·
1712 1269 1829 1327 ἐπεὶ
1867 1267 1917 1326 δὲ

334 1355 602 1415 ἐπύθοντο
644 1355 745 1418 τοὶς
789 1360 923 1429 νῆας
973 1356 1276 1433 οἰχωκυίας,
1320 1355 1516 1414 αὐτίκα
1568 1355 1713 1431 μετσῖ
1760 1358 1915 1414 ταῦτα

336 1440 516 1499 ἐδόκεε
552 1436 873 1500 ἐπιδιώκειν·
913 1441 1014 1501 τᾶν
1043 1443 1149 1519 μέν
1185 1468 1280 1501 νυν
1314 1440 1569 1501 ναυτικὸν
1593 1468 1695 1501 τον
1720 1443 1916 1520 Ξέρξεω

338 1525 582 1603 στρατόν
611 1525 709 1585 οὐκ
739 1528 955 1588 ἐπεῖδον
991 1528 1280 1598 διώξαντες
1309 1530 1478 1608 μέχρι
1501 1528 1821 1605 Ανδρου,’
1795 1555 1847 1592 ες
1869 1529 1919 1587 δὲ

333 1614 437 1689 τήν
443 1612 742 1691 Ἀνδρον’
707 1615 1033 1692 απικόμενοι
1056 1616 1443 1691 ἐβουλεύοντο.
1518 1616 1920 1693 Θεμιστοκλέης

337 1703 442 1778 μέν
469 1727 565 1762 νυν
590 1703 814 1783 γνώμην
841 1702 1214 1774 ἀπεδείκνυτο,
1236 1703 1327 1763 διαὶ
1348 1703 1534 1778 νήσων
1558 1703 1921 1780 τραπομένους

337 1789 428 1848 καὶ
477 1790 866 1860 ἐπιδιώξαντας
907 1790 1006 1853 τοὶς
1050 1790 1185 1866 νῆας
1226 1791 1434 1850 πλώειν
1490 1790 1644 1854 ἰθέως
1696 1792 1786 1851 ἐπὶ
1834 1789 1921 1851 τόν

338 1876 786 1954 Ἑλλήσποντον,
819 1878 1099 1941 λύσοντας
1133 1878 1234 1941 τοὶς
1268 1877 1535 1959 γεφύρας·
1584 1878 1923 1955 Εὐρυβιάδης

335 1963 397 2023 δὲ
429 1965 531 2040 τὴν
569 1968 817 2042 ἐναντίην
852 1966 1026 2044 ταύτῃ
1053 1966 1278 2046 γνώμην
1304 1966 1531 2038 ἐτίθετο,
1563 1966 1764 2045 λέγων,
1793 1965 1860 2029 ὦς
1883 1969 1923 2024 εἰ

335 2051 583 2112 λύσουσι
633 2053 736 2116 τοῖς
788 2053 1030 2132 σχεδίας,
1074 2052 1223 2112 τοῦτ’
1276 2079 1345 2112 αν
1398 2053 1671 2133 μέγιστον
1721 2053 1922 2113 πάντων

334 2143 505 2215 σφεῖς
542 2140 710 2200 κακόν
744 2142 847 2216 τήν
874 2140 1128 2200 Ἑλλάδα
1166 2140 1517 2222 ἐργάσαιντο·
1564 2144 1612 2199 εἰ
1635 2139 1747 2220 γὰρ
1775 2140 1921 2220 οἷναγ-

336 2227 574 2300 κασθείη
588 2224 1036 2304 ἀπολαμφθεὶς“
1004 2255 1035 2287 ο
1059 2228 1289 2305 Πέρσης
1303 2229 1488 2304 μένειν
1509 2232 1567 2287 ἐν
1584 2231 1658 2305 τῇ
1678 2226 1920 2306 Εὐρώπῃ,

340 2316 577 2389 πειρῷτο
618 2311 686 2370 ἂν
731 2312 973 2393 ἡσυχίην
1014 2341 1095 2391 μη
1141 2314 1312 2425 ἄγειν·
1378 2315 1448 2378 ὥς
1493 2341 1686 2396 αγοντι
1730 2316 1832 2392 μέν
1865 2318 1921 2375 -οἶ

338 2396 594 2476 ἡσυχίην,
652 2425 778 2459 ουτε
829 2427 884 2460 τι
937 2403 1275 2480 προχωρέειν
1330 2402 1448 2462 οἶόν
1500 2428 1563 2462 τε
1618 2404 1779 2463 ἔσται
1826 2406 1920 2463 τῶν

336 2486 691 2566 πρηγμάτων,
730 2514 855 2548 ουτε
900 2514 984 2551 τις
1028 2490 1227 2565 κομιδὴ
1269 2489 1336 2549 τὰ
1380 2489 1563 2551 ὀπίσω
1607 2491 1918 2566 φανήσεται,

337 2576 485 2652 λιμῷ
536 2576 602 2634 τέ
647 2579 700 2635 οἶ
739 2576 778 2652 ἦ
820 2576 1059 2654 στρατιή
1102 2577 1518 2654 διαφθαρέεται·
1574 2580 1919 2657 ἐπιχειρέοντι

337 2660 397 2719 δὲ
439 2660 582 2740 αύτῷ
626 2664 717 2722 καὶ
771 2666 933 2744 ἔργου
979 2665 1240 2743 ἐχομένῳ,
1284 2664 1469 2724 πάντα
1513 2664 1588 2724 rot
1639 2666 1780 2724 nard
1827 2665 1919 2739 τήν

337 2745 610 2823 Εὐρώπην
638 2750 728 2809 οἷά
752 2777 813 2810 τε
840 2752 999 2810 ἔσται
1036 2756 1445 2830 προσχωρῆσαι
1483 2778 1625 2812 κατα
1651 2752 1848 2814 πόλιάς
1868 2777 1920 2810 τε

339 2834 431 2893 καὶ
468 2859 608 2892 κατα
641 2837 814 2906 εθνεα,
840 2863 965 2912 ητοι
1001 2837 1385 2915 ἁλισκομένων
1412 2865 1479 2921 γε
1514 2838 1551 2915 ἢ
1588 2866 1701 2917 προ
1742 2838 1921 2901 τούτου

337 2920 773 3031 ὁμολογεόντων·
821 2925 1041 2999 τροφήν
1080 2952 1142 2985 τε
1181 2926 1319 2996 ἕξειν
1356 2929 1541 3003 σφέας
1565 2953 1668 2987 τον
1696 2928 1921 2987 ἐπέτειον

337 3009 444 3066 αἰεὶ
478 3013 588 3067 τῶν
622 3006 912 3083 Ελλήνων
947 3012 1178 3088 καρπόν·
1219 3012 1375 3072 ἄλλα
1409 3015 1616 3074 δοκέειν
1651 3042 1762 3095 γαρ
1792 3039 1922 3122 νικη-

341 3095 505 3153 θέντα
544 3099 615 3174 τῇ
656 3096 933 3173 ναυμαχίῃ
974 3098 1038 3157 οὔ
1079 3101 1289 3175 μενέειν
1331 3105 1390 3160 ἐν
1433 3105 1504 3179 τῇ
1546 3101 1790 3181 Ευρώπῃ
1835 3101 1926 3167 τὸν

341 3180 586 3255 Πέρσεα·
630 3185 820 3240 ἐατέον
852 3180 926 3242 ιῖν
962 3181 1099 3243 εἶναι
1132 3187 1360 3267 φεύγειν
1396 3193 1451 3251 ἐς
1486 3187 1519 3248 ὃ
1550 3189 1691 3269 ἔλθῃ
1717 3187 1920 3270 φεύγω
