2100 3409
311 77 354 123 3
347 77 405 121 26
915 72 1283 123 ‘HPOAOTOT

310 157 365 213 οἱ
402 153 464 213 δὲ
498 153 723 230 Πέρσαι
755 151 1066 230 πυθόμενοί
1096 157 1283 228 σφεας
1309 148 1751 227 προπλέειν,’
1710 177 1929 230 ανηγον

309 243 401 301 καὶ
430 241 588 301 αὐτοὶ
614 241 753 318 πρὸς
776 240 880 316 τὴν
904 239 1137 317 ἤπειρον
1169 264 1270 301 τας
1302 238 1430 300 νέας
1462 237 1565 300 τοῖς
1591 238 1796 308 ἄλλας,
1823 240 1925 302 τοῖς

310 329 369 389 δὲ
395 330 659 389 Φοινίκων
691 329 910 404 οἷπῆκαν
943 328 1268 386 ἀποπλέειν·
1310 326 1790 401 βουλευομένοισι
1812 353 1922 407 γαρ

309 425 423 492 σφι
476 416 659 476 ἐδόκεε
706 415 1015 493 ναυμαχίην
1060 412 1140 490 μή
1188 413 1502 473 ποιέεσθαι·
1574 439 1643 472 ου
1687 440 1802 493 γαρ
1849 413 1923 473 ὦν

309 505 527 564 ἐδόκεον
569 504 755 580 ὁμοῖοι
799 502 956 562 εἶναι·
1010 507 1068 566 ἐς
1099 502 1166 579 δὲ
1197 501 1302 576 τὴν
1341 500 1576 578 ἤπειρον
1613 500 1920 571 ἀπέπλεον,

304 591 445 654 ὅκως
465 593 596 650 ἔωσι
611 590 722 650 ὖπό
737 589 838 650 τᾶν
857 589 1025 660 πεζόν
1052 589 1297 667 στρατὸν
1321 588 1423 648 τᾶν
1443 589 1732 665 σφέτερρν
1761 588 1921 649 ἐόντα

309 684 368 738 ἐν
390 682 463 757 τῇ
491 678 755 757 Μυκάλῃ·
791 676 868 746 ὃς,
898 676 1265 739 κελεύσαντος
1290 677 1521 752 Ξέρξεω,
1549 680 1917 754 καταλελειμ-

305 767 471 844 μένος
511 769 613 826 τοῦ
659 765 844 825 ἄλλον
876 768 1137 841 στρατοῦ,
1184 762 1395 839 Ἰωνίην
1438 763 1767 838 ἐφύλασσε·
1820 769 1917 824 τοῦ

306 855 528 930 πλῆθος
563 857 670 932 μὲν
705 852 776 929 ἦν
790 853 879 922 ἓξ
915 851 1194 930 μυριάδες·
1241 851 1606 931 ἐστρατήγεε
1648 851 1714 911 δὲ
1749 850 1914 912 αὐτοῦ

305 940 593 1021 Τιγράνης,
639 940 843 1000 καλλει
881 965 944 999 τε
985 940 1079 998 καὶ
1123 938 1357 1020 μεγάθεϊ
1389 938 1723 1046 ὑπερφέρων
1773 945 1913 1016 Περ-

305 1029 468 1089 σέων.
546 1027 660 1088 ὕπο
706 1031 906 1088 τοῦτον
946 1030 1052 1104 μὲν
1093 1028 1163 1102 δη
1204 1054 1304 1087 τον
1346 1052 1596 1103 στρατον
1647 1028 1912 1101 ἐβουλεύ-

304 1142 480 1178 σαντο
544 1114 956 1196 καταφυγόντες
1018 1118 1073 1174 οἱ
1124 1118 1227 1174 τοῦ
1285 1117 1540 1176 ναυτικοῦ
1600 1116 1910 1196 στρατηγοὶ

303 1204 592 1282 ἀνειρύσαι
626 1202 729 1266 τοὶς
761 1204 902 1272 νέας,
937 1203 1030 1261 καὶ
1069 1202 1489 1279 περιβαλέσθαι
1525 1201 1706 1278 ἕρκος,
1741 1203 1910 1280 ἔρυμα

210 1291 285 1354 97
303 1297 412 1352 τῶν
457 1297 592 1354 νεῶν
634 1293 726 1350 καὶ
767 1291 960 1367 σφέων
1005 1289 1186 1350 αὐτῶν
1230 1287 1638 1369 κρησφύγετον.
1726 1293 1910 1350 Ταῦτα

301 1379 754 1456 βουλευσάμενοι
795 1379 1088 1460 ἀνήγοντο·
1150 1377 1477 1455 ἀπικόμενοι
1532 1377 1592 1436 δὲ
1644 1377 1802 1453 παρὰ
1841 1378 1908 1438 τὸ

301 1470 410 1526 τῶν
438 1467 719 1525 Ποτνιέων
750 1466 869 1543 ἷρόν
902 1470 1005 1542 τῆς
1037 1465 1314 1541 Μυκάλης
1347 1470 1403 1528 ἐς
1438 1465 1705 1524 Γαίσωνά
1729 1491 1793 1525 τε
1819 1468 1907 1525 καὶ

301 1552 712 1623 Σκολοπόεντα,
751 1558 822 1632 τῇ
860 1553 1161 1632 Δήμητρος
1189 1553 1541 1630 Ἐλευσινίης
1578 1553 1741 1613 ἐστὶν
1773 1554 1905 1631 ἱρὸν,

297 1641 366 1703 vd
429 1642 702 1705 Φίλιστος
754 1642 786 1702 ὁ
846 1643 1171 1705 Πασικλέος
1230 1640 1494 1718 ἱδρύσατο
1559 1642 1783 1720 Νείλεῳ
1834 1647 1908 1721 τῷ

301 1730 526 1807 Κόδρου
561 1730 934 1807 ἐπισπόμενος
963 1730 1058 1789 ἐπὶ
1089 1729 1354 1805 Μιλήτου
1389 1727 1638 1798 κτιστῦν,
1670 1730 1905 1790 ἐνθαῦτα

297 1817 399 1882 τα’ς
438 1844 501 1877 τε
545 1820 670 1882 νέας
710 1818 1008 1895 ἀνείρυσαν
1050 1818 1145 1876 καὶ
1175 1816 1587 1893 περιεβάλοπο
1623 1817 1779 1893 ἕρκος
1813 1820 1905 1877 καὶ

270 1907 472 1966 ’λίθων
524 1907 616 1965 καὶ
661 1904 856 1976 ξύλων,
907 1904 1131 1982 δένδρεα
1182 1903 1513 1982 ἐκκόψαντες
1563 1902 1765 1981 ἥμερα,
1814 1908 1904 1966 καὶ

297 1993 591 2058 σκόλοπας
614 1995 743 2070 περὶ
767 1992 833 2054 τὸ
867 1994 1023 2071 ἕρκος
1055 1992 1386 2068 κατέπηξαν·
1430 1992 1524 2052 καὶ
1560 1994 1903 2069 παρεσκευά-

298 2082 434 2141 δατο
481 2108 552 2146 ως
595 2079 1105 2158 πολιορκησόμενοι
1158 2081 1252 2140 καὶ
1306 2079 1377 2143 ὦς
1430 2079 1772 2155 νικήσοντες,
1820 2078 1902 2140 ἐπ’

298 2168 612 2247 ἀμφότερα·
653 2169 1040 2250 ἐπιλεγόμενοι
1065 2195 1177 2249 γαρ
1203 2168 1709 2246 παρεσκευάζοντο.

202 2259 280 2316 98
381 2261 454 2314 Οἱ
481 2257 540 2315 δὲ
564 2256 843 2331 Ἕλληνες
872 2257 944 2319 ὥς
975 2256 1245 2316 ἐπύθοντο
1278 2255 1581 2335 οἰχωκότας
1605 2283 1739 2321 τους
1759 2259 1898 2336 βαρ-

295 2341 510 2418 βάρους
549 2347 604 2405 ἐς
641 2342 745 2417 τὴν
783 2341 1029 2419 ἤπειρον,
1067 2344 1312 2423 ἤχθοντο
1347 2369 1421 2406 ως
1458 2345 1897 2426 ἐκπεφευγότων·

296 2435 356 2490 ἐν
395 2428 602 2509 οἷποριῃ
640 2456 703 2490 τε
743 2429 960 2508 εἴχοντο
1000 2431 1033 2491 ὅ
1071 2458 1130 2490 τι
1167 2431 1417 2500 ποιέωσι,
1448 2431 1557 2491 εἴτε
1597 2431 1897 2494 ἀπαλλάσ-

293 2545 500 2580 σωνται
543 2518 725 2579 ὀπίσω
767 2519 875 2578 εἴτε
916 2520 1275 2578 καταπλέωσι
1315 2518 1400 2578 ἐπ’
1439 2518 1895 2595 Ἑλλησπόντου·

291 2607 454 2670 τέλος
480 2606 527 2666 δ’
549 2607 702 2676 ἔδοξε
718 2605 926 2666 τούτων
944 2608 1048 2682 μὲν
1067 2606 1342 2684 μηδέτερα
1366 2607 1595 2676 ποιέειν,
1618 2610 1897 2667 ἐπιπλέειν

296 2693 358 2751 δὲ
383 2693 475 2751 ἐπὶ
499 2694 604 2769 τήν
629 2692 878 2770 ἤπειρον·
919 2693 1484 2770 παρασκευασάμενοι
1509 2693 1586 2754 ὦν
1615 2699 1672 2758 ἐς
1698 2720 1896 2771 ναυμα-

291 2779 421 2888 χίην
447 2779 539 2837 καὶ
563 2778 897 2856 ἀποβάθρας
928 2781 1020 2839 καὶ
1049 2780 1121 2840 τὰ
1158 2780 1316 2840 ἄλλα
1351 2780 1501 2842 ὅσων
1536 2782 1670 2852 ἔδεε,
1698 2783 1896 2844 ἔπλεον

292 2866 383 2923 ἐπὶ
422 2869 524 2940 τῆς
561 2866 854 2941 Μυκαλης
936 2869 1056 2926 ἐπεὶ
1095 2868 1156 2927 δὲ
1194 2868 1378 2949 ἀγχου
1411 2895 1475 2929 τε
1509 2870 1762 2951 ἐγίνοντο
1799 2897 1896 2931 του

291 2953 688 3027 στρατοπεδον,
716 2955 808 3012 καὶ
835 2954 1010 3016 οὐδεὶς
1036 2956 1294 3029 ἐφαίνετό
1320 2962 1487 3033 σφι’
1461 2959 1895 3039 επαναγόμενος,

289 3037 444 3096 οἷλλοὶ
471 3039 620 3116 ὥρων
644 3040 768 3102 νέας
792 3040 1261 3117 ανελκυσμένας”
1232 3069 1343 3102 εσω
1367 3048 1469 3103 τοῦ
1493 3044 1730 3123 τείχεος,
1761 3052 1899 3107 πολ-

292 3123 399 3182 λὸν
449 3126 509 3184 δὲ
545 3127 714 3196 πεζον
751 3129 1225 3204 παρακεκριμένον
1272 3155 1426 3208 παρα
1470 3157 1573 3191 τον
1617 3133 1898 3213 αιγιαλόν,

264 3274 267 3278 ⁴
291 3209 523 3269 ἐνθαυτα
545 3214 766 3287 πρῶτον
780 3213 885 3286 μὲν
904 3215 964 3271 ἐν
980 3218 1055 3292 τῇ
1071 3215 1172 3290 νηὶ·
1197 3218 1556 3294 παραπλέων,
1577 3220 1900 3301 εγχρψψης
