2100 3409
121 93 459 158 1⁷7—183]
782 92 1154 143 non-nun.
1680 96 1775 146 195

125 180 273 240 νέες
309 175 470 251 τρεῖς
494 171 835 247 Ἑλληνίδες,
865 173 1162 249 Τροιζηνίη
1186 197 1250 233 τε
1283 172 1375 232 καὶ
1400 174 1657 255 Αἰγιναίη
1685 175 1776 234 καὶ

125 261 422 337 Ἀττική·
463 259 783 337 προϊδόντες
820 261 879 319 δὲ
917 258 1069 319 οὗτοι
1105 260 1208 323 ταῖς
1246 260 1372 323 νέας
1409 264 1520 320 τῶν
1550 262 1774 339 βαρβά-

129 379 280 430 ρων,
327 355 389 412 ἐς
427 346 618 428 φυγὴν
654 345 938 424 ὥρμησαν·
993 347 1110 424 Τήν
1144 349 1248 425 μὲν
1282 347 1351 423 δή
1388 349 1728 425 Τροιζηνίην,
1756 353 1869 408 180

128 445 250 515 τῆς
278 437 435 515 ἦρχε
467 434 767 511 Πρηξῖνος,
799 435 995 495 αὐτίκα
1031 436 1285 515 αἱρέουσι
1320 437 1686 513 ἐπισπόμενοι
1722 441 1776 496 οἱ

132 526 483 603 βάρβαροι·
553 522 646 580 καὶ
700 523 888 582 ἔπειτα
939 528 1050 583 τῶν
1104 523 1415 600 ἐπιβατέων
1461 523 1631 600 αὐτῆς
1675 526 1775 584 τὸν

137 610 618 672 καλλιστεύοντα
652 608 954 691 ἀγαγόντες
990 610 1083 669 ἐπὶ
1119 615 1221 686 τῆς
1250 611 1471 688 πρῶρης
1503 616 1605 687 τῆς
1645 612 1775 688 νηὸς

137 699 440 777 ἔσφαξαν,
474 697 746 767 διαδέξιον
771 697 1088 774 ποιεύμενοι
1122 698 1222 758 τᾶν
1249 699 1404 759 εἷλον
1430 703 1540 760 τῶν
1565 699 1771 776 Ἑλλή-

136 813 263 848 νων
307 789 535 862 πρῶτον
583 785 673 843 καὶ
728 783 1059 845 κάλλιστον·
1140 790 1218 864 τῷ
1256 785 1316 844 δὲ
1356 788 1772 866 σφαγιασθέντι

137 874 343 953 τούτῳ
372 872 586 948 οὔνομα
611 871 682 948 ἦν
707 874 882 932 Λέων·
920 872 1070 952 τάχα
1098 872 1143 932 δ’
1171 872 1240 932 ἄν
1272 898 1329 933 τι
1367 874 1459 932 καὶ
1482 877 1583 933 τοῦ
1618 874 1770 935 ούνό-

191 987 339 1023 ατος
368 959 682 1035 ἐπαύροιτο·
749 959 824 1018 Ἠ
857 960 916 1019 δὲ
943 962 1219 1041 Αἰγιναίη,
1247 964 1350 1036 τῆς
1375 962 1728 1040 ἐτριηράρχεε
1748 963 1857 1021 181

157 1048 486 1123 Ασωνίδης,
523 1048 620 1106 καί
653 1045 778 1107 τινά
818 1052 930 1122 σφι
971 1048 1219 1125 θόρυβον
1257 1050 1524 1127 παρέσχε,
1569 1050 1770 1110 Πυθέω

141 1139 259 1197 τοῦ
302 1133 599 1214 Ἰσχενόου
645 1134 1075 1211 ἐπιβατεύοντος
1106 1134 1304 1210 ἀνδρὸς
1339 1134 1572 1211 ἀρίστου
1613 1162 1767 1216 γενο-

141 1225 333 1301 μένου
357 1222 565 1298 ταύτην
589 1222 694 1298 τὴν
712 1222 943 1299 ἡμέρην·
972 1221 1034 1285 ὃς
1055 1222 1243 1298 ἐπειδὴ
1262 1221 1300 1296 ἦ
1320 1227 1453 1285 ναῦς
1470 1222 1763 1298 ἡλίσκετο,

145 1317 209 1376 ἐς
234 1315 428 1371 τοῦτο
470 1310 688 1389 α’ντεῖχε
728 1311 1064 1390 μαχόμενος,
1110 1304 1186 1374 ἐς
1211 1310 1244 1371 ὃ
1291 1310 1767 1392 κατεκρεουργήθη

147 1399 327 1461 ἄπας·
372 1397 443 1462 ὦς
467 1397 527 1456 δὲ
551 1398 742 1458 πεσῶν
768 1397 869 1458 ούκ
897 1397 1157 1460 άπέθανε·
1176 1398 1307 1458 ἀλλ’
1333 1398 1403 1475 ἦν
1430 1401 1680 1476 ἔμπνοος,
1709 1402 1763 1459 οἱ

152 1487 406 1564 Πέρσαι,
442 1485 600 1563 οἵπερ
640 1486 979 1563 ἐπεβάτευον
1011 1487 1103 1546 ἐπὶ
1138 1491 1248 1547 τῶν
1279 1492 1430 1558 νεῶν,
1469 1487 1538 1547 δι’
1564 1487 1765 1565 ἀρετὴν

151 1574 266 1650 τὴν
305 1574 515 1634 ἐκείνου
553 1574 926 1650 περιποιῆσαί
959 1600 1057 1651 μιν
1096 1576 1224 1651 περὶ
1263 1576 1538 1634 πλείστου
1578 1576 1763 1650 ἐποιή-

152 1686 358 1731 σαντο,
400 1660 690 1741 σμύρνῃσί
713 1687 777 1722 τε
819 1661 1036 1738 ἰώμενοι
1072 1661 1144 1721 ταῖ
1179 1663 1345 1720 ἕλκεα
1386 1663 1479 1720 καὶ
1509 1662 1764 1726 σινδόνος

151 1749 447 1827 βυσσίνης
496 1753 789 1826 τελαμῶσι
845 1750 1314 1810 κατειλίσσοντες·
1383 1747 1482 1806 καί
1527 1773 1639 1824 μιν,
1691 1750 1768 1813 ὥς

152 1836 346 1898 ὀπίσω
386 1835 652 1897 α’,πίκοντο
685 1843 739 1900 ἐς
778 1838 845 1897 τό
880 1840 1092 1896 ἑωυτῶν
1126 1834 1522 1911 στρατόπεδον,
1561 1836 1762 1896 ἐπεδεί-

154 1950 374 1985 κνυσαν
440 1925 879 2005 ἐκπαγλεόμενοι
937 1922 1100 2002 πάσῃ
1149 1926 1222 2002 τῇ
1274 1927 1530 2001 στρατιῇ,
1583 1926 1761 2001 περιέ-

153 2037 359 2076 ποντες
399 2019 480 2072 εὖ·
518 2012 649 2075 τούς
687 2012 747 2071 δὲ
788 2010 1000 2075 ἄλλους
1038 2010 1169 2095 τούς
1208 2011 1423 2086 ἔλαβον
1463 2015 1521 2070 ἐν
1560 2014 1631 2089 τῇ
1672 2012 1763 2087 νηῒ

152 2100 336 2179 ταύτῃ
359 2103 650 2177 περιεῖπον
668 2099 739 2163 ὥς
766 2098 1101 2177 ἀνδράποδα.
1173 2101 1247 2157 Αἱ
1271 2100 1375 2174 μὲν
1401 2097 1469 2174 δὴ
1488 2095 1587 2159 δύο
1610 2101 1721 2158 τῶν
1740 2099 1855 2159 182

153 2191 293 2247 νεῶν
320 2185 465 2247 οὕτω
492 2186 889 2265 ἐχειρώθησαν·
929 2186 969 2263 ἦ
994 2186 1055 2244 δὲ
1077 2186 1251 2262 τρίτη,
1278 2190 1379 2261 τῆς
1407 2184 1760 2266 ἐτριηράρχεε

153 2273 397 2350 Φόρμος,
433 2273 573 2350 σ’,νήρ
597 2272 909 2349 Ἀθηναῖος,
940 2274 1233 2354 φεύγουσα
1266 2273 1551 2342 ἐξοκέλλει
1582 2278 1637 2338 ἐς
1658 2272 1761 2338 τσῖς

150 2361 415 2437 ἐσβολὰς
437 2365 541 2421 τοῦ
567 2364 831 2438 Πηνειοῦ·
875 2362 966 2420 καὶ
992 2364 1092 2420 τοῦ
1116 2363 1220 2437 μὲν
1252 2361 1501 2436 σκάφεος
1532 2361 1759 2439 ἐκράτη-

149 2474 267 2509 σαν
305 2453 361 2508 οἱ
395 2449 691 2526 βάρβαροι
714 2453 826 2509 τῶν
866 2449 925 2507 δὲ
951 2446 1166 2525 ἀνδρῶν
1192 2448 1276 2508 οὔ·
1321 2447 1391 2511 ὥς
1420 2450 1531 2529 γὰρ
1558 2449 1627 2525 δή
1663 2449 1758 2509 τά·

145 2562 332 2617 χιστα
358 2536 666 2596 ἐπώκειλαν
694 2536 800 2612 τὴν
824 2536 922 2597 νέα
955 2538 1009 2595 οἱ
1034 2534 1336 2610 Ἀθηναῖοι,
1367 2532 1751 2612 ἀποθορόντες,

147 2623 296 2683 κατοὶ
333 2625 664 2699 Θεσσαλίην
699 2621 1062 2701 πορευόμενοι
1095 2622 1481 2698 ἐκομίσθησαν
1513 2626 1570 2685 ἐς
1592 2621 1757 2701 Ἀθή-

144 2737 265 2775 νας.
350 2716 531 2772 ταῦτα
558 2714 612 2770 οἱ
637 2711 918 2787 Ἓλληνες
945 2713 999 2770 οἶ
1036 2709 1121 2770 ἐπ’
1146 2709 1483 2789 Ἀρτεμισίῳ
1519 2734 1756 2788 στρατο-

142 2797 506 2876 πεδευόμενοι
534 2799 908 2860 πυνθάνονται
940 2797 1096 2874 παρὰ
1135 2800 1368 2876 πυρσῶν
1399 2800 1465 2856 ἐκ
1491 2797 1757 2864 Σκιάθου·

141 2886 455 2962 πυθόμενοι
495 2886 556 2944 δὲ
592 2886 684 2945 καὶ
726 2884 1329 2963 καωρρωδήσαντες,’
1294 2911 1408 2946 απο
1439 2890 1542 2946 τοῦ
1565 2885 1756 2963 Ἀρτε-

137 2974 342 3050 μισίου
389 2974 801 3051 μετωρμίζοντο
847 2978 902 3036 ἐς
948 2972 1224 3042 Χαλκίδα,
1269 2968 1614 3048 φυλάξοντες
1633 2974 1758 3046 μὲν

137 3061 242 3121 τόν
297 3059 565 3137 Εὔριπον,
609 3062 899 3124 λείποντες
938 3061 999 3120 δὲ
1043 3059 1472 3137 ημεροσκόπους
1515 3055 1644 3130 περὶ
1681 3080 1754 3115 τα

135 3148 341 3225 υψηλοῖ
370 3152 473 3223 τῆς
497 3146 762 3224 Εὐβοίης.
836 3152 959 3207 Τῶν
994 3147 1056 3207 δε
1087 3147 1218 3206 δέκα
1259 3150 1394 3207 νεῶν
1431 3146 1541 3204 τῶν
1570 3142 1715 3217 βαρ·-
1735 3143 1848 3202 183

131 3234 340 3312 βάρων
370 3238 523 3312 τρεῖς
558 3235 848 3297 ἐπέλασαν
881 3235 1012 3314 περὶ
1048 3232 1115 3296 τό
1155 3234 1298 3309 ἕρμα
1320 3231 1399 3291 .τό
1425 3225 1636 3306 μεταξι)
1662 3227 1757 3289 ἐὰν
