2100 3409
164 33 395 101 17—19]
795 34 1170 83 KAAAmnn.
1681 35 1774 83 289

164 113 402 192 θανάτῳ
443 111 660 191 δώσειν,
687 111 1241 186 διαβεβλημένους’
1207 112 1318 171 υπό
1348 111 1779 193 Θεσσαλῶν,ὦς

164 202 288 284 ἐγώ
322 200 536 272 εἰκάζω·
579 205 674 260 νῦν
710 198 783 259 ὧν
815 198 980 277 ἄνδρα
1016 198 1200 260 πάντα
1229 200 1355 259 τινοὶ
1397 199 1573 276 ὑμέων
1611 200 1780 279 χρεόν

166 297 304 351 ἐστι
331 289 599 370 γενέσθαι
622 287 851 370 ἀγαθόν·
886 288 1132 367 κρέσσον
1156 288 1266 369 γοὶρ
1292 287 1581 351 ποιεῦντάς
1604 314 1660 348 τι
1687 290 1778 348 καὶ
1815 362 1822 369 η

165 375 558 455 ἀμυνομένους
581 380 918 452 τελευτῆσαι
936 376 1037 437 τᾶν
1064 380 1249 445 αἰῶνα,
1271 373 1413 452 ἤπερ
1434 377 1779 455 παρέχοντας

167 466 559 542 διαφθαρῆναι
578 466 857 544 αἰσχίστῳ
882 464 1056 544 μόρῳ·
1091 463 1245 523 ἀλλὰ
1262 464 1485 541 μαθέτω
1500 490 1583 526 τις
1603 463 1781 524 αὐτῶν

167 553 265 613 ὅτι
298 551 482 615 ἐόντες
511 552 804 630 βάρβαροι
835 551 919 610 ἐπ’
941 551 1197 627 Ἕλλησι
1229 551 1464 629 ἀνδράσι
1493 553 1668 629 φόνον
1695 555 1776 629 ἔρ-

165 639 419 718 ραψαν.”
498 639 567 699 ‘O
600 642 703 717 μὲν
734 640 810 700 ὧν
842 644 1021 700 ταῦτα
1050 640 1331 718 παραίνεε·
1374 644 1427 700 οἱ
1470 642 1530 700 δὲ
1571 642 1775 711 ἱππέες,
1798 644 1872 704 18

170 729 308 788 ἐπεί
338 730 402 788 τέ
435 734 618 804 σφεας
644 728 1058 807 ἐκυκλώσαντο,ι
1078 728 1390 803 ἐπήλαυνον
1418 729 1488 792 ὦς
1512 727 1781 788 ἅπολεῦν-

168 843 284 889 τες,
317 816 411 874 καὶ
438 816 506 891 δὴ
534 817 857 877 διετείνοντο
887 817 961 876 τοὶ
995 818 1177 892 βέλεα
1204 814 1275 879 ὥς
1308 815 1642 892 ἀπήσοντες·
1685 817 1783 876 καί

171 903 280 963 κού
321 929 406 967 τις
447 905 538 962 καὶ
578 902 778 979 ἀπῆκε.
862 905 953 963 καὶ
987 907 1040 962 οἱ
1073 902 1251 964 ἀντίοι
1291 905 1555 977 ἕστασαν,
1598 903 1779 980 πάντη

171 992 601 1070 συστρέψαντες
627 991 855 1056 ἑωυτούς
882 992 972 1051 καὶ
998 991 1383 1056 πυκνώσαντες
1408 992 1479 1056 ὥς
1502 993 1776 1070 μάλιστα·

172 1080 423 1140 ἐνθαῦτα
476 1083 529 1138 οἱ
583 1078 816 1140 ἱππόται
867 1080 1240 1156 ὖπέστρεφον,
1297 1081 1388 1140 καὶ
1455 1079 1777 1154 ἐπήλαυνον

171 1166 387 1228 ὀπίσω.
470 1166 569 1225 ούκ
601 1168 708 1247 ἔχω
745 1166 791 1226 δ’
825 1167 1091 1244 ἀτρεκέως
1123 1170 1309 1234 εἰπεῖν,
1347 1166 1474 1226 οὔτε
1515 1170 1562 1224 εἶ
1600 1166 1778 1241 ἦλθον

170 1258 286 1333 μὲν
321 1255 655 1318 ἀπολέοντες
689 1254 819 1320 τούς
849 1256 1070 1318 Φωκέας
1105 1254 1406 1330 δεηθέντων
1445 1258 1774 1323 Θεσσαλῶν,

173 1344 304 1403 ἐπεὶ
331 1344 389 1403 δὲ
417 1343 568 1419 ὥρων
592 1342 733 1420 πρὸς
757 1341 1028 1420 ἀλέξησιν
1064 1342 1460 1420 τραπομένους,
1498 1342 1777 1426 δείσαντες

172 1431 260 1508 μὴ
295 1431 387 1489 καὶ
417 1432 595 1506 σφίσι
629 1431 856 1512 γένηται
881 1430 1146 1509 τρώματα
1182 1430 1322 1490 οὕτω
1357 1429 1426 1506 δὴ
1456 1429 1778 1506 α’π-ήλαυνον

174 1517 384 1579 ὀπίσω·
439 1517 510 1580 ὣς
545 1518 656 1599 γάρ
696 1526 808 1595 σφι
849 1520 1158 1579 ἐνετείλατο
1197 1518 1530 1596 Μαρδόνιος·
1579 1517 1689 1578 οὔτ’
1730 1522 1779 1577 εἰ

172 1605 361 1666 αὐτῶν
385 1607 713 1683 πειρηθῆναι
731 1605 982 1681 ἠθέλησε
1010 1608 1138 1665 εἴτι
1163 1604 1340 1681 οἷλκῆς
1359 1604 1679 1684 μετέχουσι·
1708 1605 1778 1668 ὦς

173 1692 306 1753 δὲ’
272 1695 457 1752 οπίσω
488 1692 795 1768 ἀπήλασαν
826 1697 880 1753 οἱ
912 1693 1159 1763 ἱππόται,
1196 1692 1423 1770 πέμψας
1462 1692 1776 1769 Μαρδόνιος

175 1780 395 1867 κήρυκα
433 1782 591 1862 ἔλεγε
628 1781 779 1841 τάδε·
844 1792 880 1818 “
897 1780 1179 1857 θαρσέετε,
1222 1779 1264 1838 ὦ
1305 1779 1534 1842 Φωκέες·
1588 1779 1778 1855 ἅνδρες

172 1893 292 1949 γαρ
321 1867 613 1943 ἐφάνητε’
588 1867 768 1932 εόντες
794 1867 1013 1950 ἀγαθοὶ,
1036 1867 1137 1927 οὐκ
1158 1867 1227 1930 ὥς
1248 1872 1354 1948 ἐγω
1336 1866 1775 1942 ἐπυνθανόμην·

174 1956 275 2014 καὶ
302 1960 399 2015 νῦν
422 1955 719 2033 προθύμως
747 1955 947 2033 φέρετε
970 1956 1072 2016 τὸν
1096 1954 1350 2031 πόλεμον
1374 1957 1590 2013 τοῦτον·
1634 1952 1778 2029 εὐερ-

172 2043 414 2123 γεσίῃσι
438 2043 549 2122 γοὶρ
578 2043 644 2103 ού
670 2043 926 2120 νικήσετε
951 2041 1079 2102 οὔτε
1100 2041 1173 2102 ὧν
1194 2044 1306 2119 ἐμὲ,
1329 2039 1464 2101 οὔτε.
1473 2039 1777 2117 βασιλέα·”

172 2129 251 2190 τὰ
276 2131 407 2207 περὶ
431 2132 659 2190 Φωκέων
685 2134 788 2208 μὲν
815 2136 869 2193 ἐς
894 2133 1137 2191 τοσοῦτο
1164 2130 1400 2210 ἐγένετο.

257 2218 690 2294 Λακεδαιμόνιοι
736 2219 811 2288 δὲ,
856 2218 927 2282 ὥς
969 2223 1024 2282 ἐς
1063 2217 1164 2278 τόν
1204 2215 1441 2295 Ἰσθμόν
1481 2215 1677 2293 ἦλθον,
1721 2221 1779 2277 ἐν
1799 2219 1871 2276 19
1919 2296 1925 2300 ¹

173 2305 358 2385 τούτῳ
388 2306 943 2381 ἐστρατοπεδεύοντο·
985 2305 1388 2381 πυνθανόμενοι
1424 2306 1484 2364 δὲ
1518 2309 1694 2365 ταῦτα
1727 2309 1780 2365 οἱ

172 2394 377 2453 λοιποὶ
408 2393 868 2468 Πελοποννήσιοι
903 2396 1059 2453 τοῖσι
1092 2393 1164 2453 τὰ
1204 2391 1407 2469 άμείνω
1449 2393 1688 2463 ἑάνδανε,
1727 2396 1780 2452 οἱ

174 2481 239 2540 δὲ
280 2481 377 2540 καὶ
415 2479 665 2557 ὁρέοντες
698 2480 941 2550 ἐξιόντας
977 2478 1347 2557 Σπαρτιήτας,
1375 2477 1475 2537 οὐκ
1512 2480 1777 2539 ἐδικαίευν

175 2569 480 2628 λείπεσθαι
528 2572 630 2644 τῆς
682 2568 872 2638 ἐξόδου
924 2567 1390 2642 Λακεδαιμονίων.
1473 2571 1533 2624 ἐκ
1585 2566 1654 2641 δή
1708 2565 1782 2626 ὦν

173 2660 280 2717 τοῦ
346 2655 601 2732 Ἰσθμοῦ,
658 2653 1149 2732 καλλιερησάντων
1197 2657 1308 2712 τῶν
1360 2655 1505 2728 ἱρῶν,
1563 2655 1783 2730 ἐπορεύ-

176 2769 314 2804 οντο
366 2743 568 2807 πάντες
626 2744 719 2803 καὶ
764 2742 1116 2802 ἀπικνέονται
1171 2745 1225 2804 ἐς
1273 2738 1594 2800 Ἐλευσῖνα·
1662 2767 1782 2800 ποι-

176 2831 427 2907 ήσαντες
458 2831 519 2890 δὲ
553 2829 645 2889 καὶ
683 2830 918 2890 ἐνθαῦτα
955 2827 1065 2904 ἱροὶ,
1094 2826 1165 2890 ὥς
1197 2832 1311 2902 σφι
1346 2828 1678 2905 ἐκαλλιέρεε,
1713 2826 1779 2887 τό

175 2918 382 2996 πρόσω
423 2918 771 2995 ἐπορεύοντο,
811 2915 1102 2990 Ἀθηναῖοι
1148 2916 1206 2973 δὲ
1247 2912 1365 2992 ἅμα
1406 2913 1627 2974 αύτοῖσι
1670 2915 1783 2973 δια-

175 3006 389 3085 βάντες
428 3008 532 3083 μὲν
572 3011 633 3065 ἐκ
675 3006 994 3080 Σαλαμῖνος
1029 3003 1401 3083 συμμιγέντες
1427 3003 1487 3061 δὲ
1512 3007 1571 3061 ἐν
1592 3000 1784 3059 Ἐλευ-

178 3097 324 3154 σῖνι.
379 3093 451 3157 ὦς
477 3094 536 3152 δὲ
562 3092 673 3169 ἄρα
692 3091 959 3150 ἀπίκοντο
994 3093 1095 3163 τῆς
1128 3090 1394 3164 Βοιωτίης
1421 3094 1475 3150 ἐς
1498 3085 1783 3164 Ἐρυθρὰς,

182 3180 397 3258 ἔμαθόν
421 3196 483 3241 τε
509 3181 577 3256 δὴ
602 3177 732 3241 τοῦς
761 3175 1095 3253 βαρβάρους
1131 3177 1223 3233 ἐπὶ
1247 3181 1325 3246 τῷ
1346 3174 1589 3254 Ἀσωπῷ
1613 3196 1782 3249 στρα-
