2100 3409
69 3317 219 3381 Q·

326 71 420 120 168
560 63 567 70 “
930 77 1303 131 mmmmm·
1763 82 1913 149 [vn.

328 156 432 218 τᾶν
470 159 749 236 Θερμαῖον
790 158 1018 222 κόλπον”
1057 161 1260 241 ἐγίνετο
1307 164 1386 240 τῷ
1432 165 1667 241 ναυτικῷ
1713 167 1922 243 στρατῷ

331 248 366 308 ὅ
392 248 569 312 πλόος
609 249 700 307 καὶ
729 253 838 329 γῆν
861 248 964 324 τὴν
991 250 1335 329 Μυγδονίην·
1377 249 1566 310 πλέων
1584 250 1664 310 ’δὲ
1704 250 1919 311 ἀπίκετο

332 338 386 401 ἔς
410 363 472 397 τε
496 337 600 413 τήν
635 338 1040 414 προειρημένην
1065 337 1291 414 Θέρμην
1328 337 1420 396 καὶ
1449 338 1649 401 Σινδόν
1678 365 1741 399 τε
1763 339 1919 398 πόλιν

332 424 424 485 καὶ
450 426 806 500 Χαλέστρην,
835 425 926 482 ἐπὶ
963 425 1065 485 τόν
1091 423 1294 494 Ἀξιὸν
1322 425 1596 500 ποταμόν·
1641 425 1703 489 ὃς
1729 425 1915 502 οὐρίζει

328 538 519 592 χωρην
540 511 647 588 τὴν
669 511 994 587 Μυγδονίην
1016 539 1081 572 τε
1108 513 1201 572 καὶ
1227 512 1577 581 Βοττιαιιδα,
1591 517 1693 589 τῆς
1735 515 1914 593 ἔχουσι

328 625 396 660 το
421 626 576 678 παρα
609 602 913 660 θαλασσαν
941 625 1166 660 στεινον
1204 601 1406 680 χωρίον
1446 599 1615 665 πόλις
1649 599 1830 676 Ἴχναι
1866 626 1918 660 τε

335 687 430 746 καὶ
457 688 685 746 Πέλλα.

241 776 356 833 124
453 774 521 834 ‘O
556 778 660 852 μὲν
692 775 760 850 δὴ
792 797 1048 837 ναυτικος
1084 800 1344 853 στρατος,
1382 773 1552 834 αὐτοῦ
1583 776 1715 852 περὶ
1748 773 1920 845 Ἀξιόν

332 862 586 939 ποταμόν
631 864 723 922 καὶ
768 863 940 923 πόλιν
979 865 1205 942 Θέρμην
1248 863 1340 924 καὶ
1378 862 1481 926 τοὶς
1517 863 1730 940 μεταξῦ
1770 862 1921 925 πόλις

329 951 580 1023 τουτέων,
608 951 913 1028 περιμένων
937 952 1209 1027 βασιλέα,
1232 950 1758 1029 ἐστρατοπεδεύετο.
1801 951 1918 1029 Ξέρ·

333 1037 430 1113 ξης
483 1037 542 1097 δὲ
597 1039 687 1098 καὶ
741 1037 775 1098 ὁ
837 1039 1003 1109 πεζὸς
1067 1039 1309 1118 στρατός
1373 1038 1668 1117 ἐπορεύετο
1726 1045 1785 1100 ἐκ
1832 1043 1916 1115 τῆς

331 1123 624 1197 Ἀκάνθου,
656 1127 762 1203 τὴν
802 1126 1118 1207 μεσόγαιαν
1152 1126 1372 1204 τάμνων
1405 1130 1506 1202 τῆς
1542 1126 1692 1199 ὁδοῦ,
1726 1127 1915 1205 βουλό-

331 1239 498 1291 μενος
539 1220 594 1279 ἐς
631 1214 735 1290 τὴν
777 1216 1001 1292 Θέρμην
1042 1214 1368 1275 ἀπικέσθαι·
1412 1213 1705 1292 ἐπορεύετο
1748 1215 1805 1290 δὲ
1840 1214 1916 1274 διὰ

330 1307 433 1378 τῆς
458 1308 765 1378 Παιονικῆς
793 1303 884 1361 καὶ
911 1308 1312 1379 Κρηστωνικῆς
1340 1305 1429 1362 ἐπὶ
1463 1302 1720 1381 ποταμόν
1757 1302 1915 1381 Ἐχεί-

251 1394 255 1399 ’
334 1390 525 1469 δωρον,
578 1390 639 1453 ὃς
702 1395 762 1449 ἐκ
826 1391 1238 1468 Κρηστωναίων
1298 1389 1617 1468 α’ρξοίμενος,
1673 1393 1785 1467 ῥέει
1840 1389 1914 1449 διὰ

333 1478 654 1558 Μυγδονίης
695 1478 892 1557 χώρης,
946 1478 1037 1537 καὶ
1085 1479 1214 1548 ἐξίει
1260 1477 1412 1555 παρὰ
1456 1478 1523 1540 τὸ
1570 1480 1698 1544 ἕλος
1738 1479 1802 1540 τό
1844 1476 1913 1538 ἐπ’

242 1568 358 1625 125
374 1563 540 1644 Ἀξίῳ
579 1569 833 1645 ποταμῷ·
883 1568 1252 1646 Πορευομένῳ
1281 1566 1351 1625 -δὲ
1390 1567 1579 1646 ταύτῃ,
1622 1568 1838 1630 λέοντές
1870 1568 1913 1625 οἶ

335 1652 675 1729 ἐπεθήκαντο
710 1657 848 1733 τῇσι
884 1654 1251 1730 σιτοφόροισι
1293 1655 1599 1732 καμήλοισι
1615 1682 1629 1696 ·
1673 1661 1913 1730 καταφοι-

332 1741 548 1806 τέοντες
593 1741 700 1823 γὰρ
750 1744 802 1801 οἱ
851 1743 1072 1805 λέοντες
1114 1740 1214 1805 τοῖς
1257 1741 1469 1811 νύκτας,
1519 1744 1610 1802 καὶ
1653 1745 1914 1805 λείποντες

331 1830 404 1889 τοὶ
439 1832 693 1908 σφέτερα
724 1830 881 1905 ἤθεα,
915 1829 1100 1889 ἄλλου
1134 1831 1237 1907 μὲν
1275 1828 1494 1893 οὖδενός
1528 1831 1775 1892 ἅπτοντο
1809 1829 1913 1891 οὔτε

330 1918 631 1999 ὖποζυγίου
669 1919 796 1978 οὔτε
832 1917 1141 1994 οἷνθρῶπου,
1178 1920 1232 1976 οἱ
1267 1917 1327 1975 δὲ
1358 1916 1459 1981 τοῖς
1500 1917 1786 1995 καμήλους
1823 1925 1909 1978 ἐκε-

333 2006 524 2083 ράῖζον
550 2006 774 2084 μούνας.
860 2005 1094 2083 θωμάζω
1131 2004 1190 2064 δὲ
1223 2004 1289 2066 vd
1323 2006 1498 2066 αἴτιον
1535 2005 1567 2065 ὅ
1598 2033 1657 2067 τι
1692 2011 1813 2069 κοτὲ
1841 2006 1910 2082 ἦν,

333 2098 445 2154 τῶν
471 2093 662 2154 ἄλλων
685 2093 751 2154 τό
785 2092 1098 2174 ἀναγκάζον
1133 2092 1511 2172 ἀπεχομένους
1545 2094 1677 2159 τοῦς
1710 2097 1911 2156 λέοντας

333 2186 471 2260 τῇσι
532 2180 842 2255 καμήλοισι
902 2182 1273 2242 ἐπιτίθεσθαι·
1339 2180 1406 2241 τὰ
1471 2181 1615 2258 μήτε
1667 2183 1910 2261 πρότερον

245 2271 358 2329 126
378 2268 681 2328 ὀπώπεσαν
723 2269 931 2346 θηρίον,
962 2268 1092 2346 μήτ’
1136 2271 1490 2347 ἐπεπειρέατο
1534 2270 1724 2331 αὐτοῦ.
1799 2270 1910 2329 Εἰσὶ

339 2356 398 2415 δὲ
443 2355 582 2415 κατὰ
623 2359 799 2417 ταῦτα
842 2355 912 2416 τοὶ
955 2358 1132 2437 χωρία
1176 2358 1267 2416 καὶ
1308 2358 1529 2421 λέοντες
1572 2358 1797 2429 πολλοὶ,
1836 2357 1908 2416 καὶ

336 2444 475 2520 βόες
510 2441 694 2525 ἄγριοι
725 2448 834 2505 τῶν
868 2444 940 2504 τὰ
976 2446 1139 2522 κέρεα
1173 2444 1562 2525 ὖπερμεγάθεοῖ
1599 2450 1741 2515 ἐστι,
1776 2446 1838 2506 τὰ
1867 2449 1908 2505 ἐς

325 2531 615 2609 Ἕλληνας
643 2532 957 2608 φοιτέοντα.
1041 2530 1202 2609 οὖρος
1237 2532 1296 2591 δὲ
1329 2536 1482 2592 τοῖσι
1515 2534 1722 2592 λέουσί
1750 2529 1908 2592 ε’στιό

333 2648 399 2682 τε
442 2620 509 2681 δι’
548 2620 843 2698 Ἀβδήρων
885 2621 1024 2697 ῥέων
1065 2620 1318 2697 ποταμὸς
1363 2621 1605 2691 Νέστος,
1656 2621 1749 2679 καὶ
1787 2620 1817 2680 ὁ
1857 2616 1909 2678 δι’

294 2715 308 2725 ’
334 2709 697 2786 Ἀκαρνανίης
727 2708 865 2784 ῥέων
897 2707 1180 2787 Ἀχελῷος
1193 2734 1207 2748 ·
1250 2707 1376 2768 οὗτε
1414 2709 1523 2788 γάρ
1564 2707 1632 2768 vd
1663 2706 1800 2785 πρὸς
1828 2707 1912 2782 τήν

335 2796 420 2872 ἠῶ
470 2800 570 2855 τοῦ
623 2795 851 2854 Νέστου
905 2794 1176 2871 οὐδαμόθι
1228 2795 1418 2871 πάσης
1467 2798 1570 2870 τῆς
1623 2795 1913 2873 ἔμπροσθεν

338 2880 745 2961 Εὗρῶπηςῖίδοι
769 2907 853 2944 τις
886 2879 954 2940 ἂν
987 2883 1207 2953 λέοντα,
1236 2881 1363 2943 οὔτε
1396 2882 1536 2959 πρός
1569 2884 1806 2959 ἑσπέρης
1831 2884 1912 2942 τοῦ

336 2970 621 3051 Ἀχελῴου
650 2973 708 3027 ἐν
733 2972 806 3046 τῇ
831 2971 1101 3050 ἐπιλοίπῳ
1124 2969 1331 3051 ἠπείρῳ
1345 2997 1357 3010 ·
1390 2970 1524 3029 ἀλλ’
1551 2975 1609 3031 ἐν
1634 2974 1708 3048 τῇ
1732 2969 1912 3048 μεταξν)

338 3059 547 3119 Τούτων
570 3060 682 3116 Τῶν
705 3059 971 3131 ποταμῶν
995 3058 1256 3137 γίνονται.

250 3145 363 3208 127
461 3146 558 3209 Ως
585 3145 644 3204 δὲ
677 3148 733 3206 ἐς
765 3168 869 3219 την
901 3144 1127 3221 Θέρμην
1159 3143 1389 3205 ἀπίκετο
1424 3146 1455 3204 ὅ
1489 3144 1719 3223 Ξέρξης,
1749 3148 1915 3224 ἵδρυσε

343 3232 514 3293 αυτοῦ
559 3231 665 3306 τήν
707 3230 995 3307 στρατιήν·
1041 3232 1251 3310 ἐπέσχε
1293 3230 1387 3291 δὲ
1412 3259 1445 3292 ο
1487 3257 1731 3312 στρατος
1749 3232 1917 3294 αὐτοῦ
