2100 3409
320 41 382 90 30
932 39 1298 89 ἫΡοΔοτοτ
1825 38 1916 104 [V.

320 120 543 201 τανηΐῳ,
573 120 674 198 καί
705 144 805 197 μιν
845 119 1037 197 ἵδρυσε
1074 120 1311 182 ἐνθαῦτα
1346 123 1406 181 ἐν
1433 122 1511 200 τῷ
1547 119 1918 201 ἰσχυροτάτῳ·

320 208 635 291 ἐπηγάγετο
673 209 734 269 δὲ
772 208 872 270 τὸν
911 208 1289 270 Μελάνιππον
1327 208 1360 269 ὅ
1393 209 1760 286 Κλεισθένης,
1802 212 1919 290 (καὶ

319 298 428 377 γαῖρ
475 302 644 359 τοῦτο
683 297 769 357 δεῖ
817 295 1270 378 ἀπηγήσασθαι)
1313 296 1385 361 ὥς
1438 298 1702 377 ἔχθιστον
1756 297 1918 359 ἐόντα

318 383 631 465 Ἀδρήστῳ·
678 384 741 449 ὃς
779 385 879 445 τόν
916 411 980 445 τε
1020 383 1302 461 ἀδελφεόν
1342 388 1397 445 οἱ
1439 386 1739 461 Μηκιστέα
1784 384 1916 445 οἷπε-

321 473 509 534 κτόνεε
548 473 641 532 καὶ
679 470 781 533 τόν
817 471 1085 554 γαμβρόν
1132 472 1329 531 Τυδέα·
1387 472 1511 532 ἐπεί
1546 498 1609 532 τε
1649 473 1712 532 δέ
1750 475 1806 533 οἱ
1850 473 1918 533 τὸ

318 560 546 637 τέμενος
595 560 843 634 ἀπέδεξε,
900 560 1100 623 θυσίας
1142 584 1205 618 τε
1252 560 1345 619 καὶ
1389 559 1556 637 ὁρτὰς
1599 558 1917 638 Ἀδρήστου

320 647 668 729 ἀπελόμενος
693 648 855 712 ἔδωκε
884 652 962 727 τῷ
998 649 1372 727 Μελανίππῳ.
1453 649 1508 706 οἱ
1533 647 1593 706 δὲ
1627 646 1918 710 Σικυώνιοι

321 737 568 798 ἐώθεσαν
598 737 927 818 μεγαλωστὶ
963 735 1139 813 κάρτα
1170 741 1339 813 τιμᾶν
1372 735 1472 796 τόν
1496 733 1839 812 Ἀδρηστον·
1878 736 1917 812 ἦ

319 825 430 905 γσῖρ
475 824 630 906 χώρη
674 824 742 902 ἦν
782 823 923 900 αὕτη
964 822 1263 899 Πολύβου·
1322 823 1354 883 ὁ
1399 823 1459 881 δὲ
1488 820 1808 900 Ἀδρηστος
1847 822 1919 899 ἦν

322 914 607 990 Πολύβου
638 912 1011 995 θυγατριδέος·
1055 910 1222 975 ἅπαις
1247 911 1307 970 δὲ
1340 910 1614 987 Πόλυβος
1641 914 1916 970 τελευτῶν

321 1000 466 1061 διδοῖ
512 1000 804 1081 Ἀδρήστῳ
851 999 957 1076 τήν
1013 998 1214 1077 ἀρχήν.
1292 997 1366 1058 τά
1416 1024 1481 1058 τε
1563 998 1600 1073 ἢ
1653 995 1810 1057 ἅλλα
1863 1002 1917 1057 οἶ

321 1088 609 1153 Σικυώνιοι
649 1089 850 1165 ἐτίμων
885 1088 986 1153 τᾶν
1014 1085 1354 1164 Ἀδρηστον,
1404 1086 1498 1145 καὶ
1537 1084 1605 1161 δὴ
1642 1084 1803 1161 πρός,
1843 1081 1916 1145 τοὶ

319 1175 503 1237 πάθεα
538 1176 711 1237 αὐτοῦ
738 1180 1060 1257 τραγικοῖσι
1090 1176 1318 1253 χοροῖσι
1352 1174 1651 1253 ἐγέραιρον,
1675 1172 1778 1233 τόν
1811 1175 1915 1250 μὲν

318 1264 599 1326 Διόνυσον
639 1264 705 1325 οὗ
742 1265 1047 1342 τιμέωντες,
1101 1262 1201 1322 τόν
1254 1261 1314 1345 δὲ
1348 1259 1687 1339 Ἀδρηστον·
1744 1266 1912 1320 Κλει-

322 1352 526 1428 σθένης
564 1353 624 1412 δὲ
662 1351 866 1431 χοροῦς
890 1354 995 1428 μὲν
1017 1353 1098 1428 τῷ
1124 1347 1382 1429 Διονύσῳ
1412 1347 1676 1419 ἀπέδωκε,
1709 1347 1818 1425 τήν
1855 1349 1915 1408 δὲ

319 1438 505 1515 ἅλλην
532 1440 733 1515 θυσίην
756 1443 832 1517 ‘uf
860 1438 1230 1517 Μελανίππῳ.
1311 1440 1489 1497 ταῦτα
1510 1439 1614 1513 μὲν
1639 1441 1693 1499 ἐς
1711 1435 1914 1513 Ἀδρη-

227 1527 304 1586 68
321 1526 461 1587 στόν
488 1530 541 1587 οἱ
564 1527 855 1602 πεποίητο.
913 1524 1104 1589 Φυλᾶς
1129 1525 1189 1584 δὲ
1207 1524 1308 1588 τὰς
1328 1525 1598 1601 Δωριέων,
1621 1524 1711 1584 ἴνα
1736 1523 1806 1599 δὴ
1830 1523 1913 1600 μή

319 1617 379 1674 αἱ
405 1613 566 1674 αύταὶ
593 1615 725 1675 ἔωσι
748 1616 900 1674 τοῖσι
917 1613 1268 1678 Σικυωνίοισι
1294 1612 1387 1670 καὶ
1410 1615 1564 1671 τοῖσι
1587 1609 1912 1693 Ἀργείοισι,

318 1704 603 1780 μετέβαλε
644 1706 699 1766 ἐς
740 1699 896 1761 ἄλλα
948 1699 1248 1776 οὐνόματα·Ι
1317 1700 1447 1759 ἔνθα
1499 1699 1590 1757 καὶ
1641 1699 1915 1760 πλεῖστον

319 1790 667 1870 κατεγέλασε
690 1793 801 1851 τῶν
838 1788 1163 1854 Σικυωνίων·
1209 1785 1301 1845 ἐπὶ
1324 1786 1435 1866 γὰρ
1463 1787 1556 1848 ὑός
1581 1811 1644 1844 τε
1671 1787 1765 1846 καὶ
1785 1785 1915 1847 ὄνου

317 1877 420 1943 τοὶς
438 1878 745 1955 ἐπωνυμίας
761 1877 1092 1954 μετατιθεὶς,
1107 1874 1247 1934 αὐτὰ
1265 1874 1339 1934 τσῖ
1356 1876 1647 1944 τελευταῖα
1664 1875 1914 1951 ἐπέθηκε,

317 1966 472 2041 πλὴν
509 1970 612 2042 τῆς
643 1969 852 2028 ,ἑωυτοῦ
892 1968 1100 2039 φυλῆς·
1146 1961 1320 2040 ταύτῃ
1353 1962 1414 2021 δὲ
1449 1960 1516 2021 τό
1555 1959 1765 2038 οὔνομα
1801 1962 1915 2023 ἀπὸ

318 2056 419 2128 τῆς
458 2056 658 2112 ἑωυτοῦ
697 2052 876 2129 ἀρχῆς
915 2052 1090 2110 ἔθετο.
1174 2047 1327 2109 οὗτοι
1364 2050 1468 2126 μὲν
1508 2048 1575 2124 δή
1612 2048 1919 2128 Ἀρχέλαοι

321 2140 635 2199 ἐκαλέοντο·
695 2139 870 2213 ἕτεροι
909 2138 986 2209 δὲ,
1026 2136 1241 2198 Ὑᾶται·
1303 2136 1476 2197 ἄλλοι
1515 2137 1591 2206 δὲ,
1633 2136 1918 2199 Ὀνεᾶται·

300 2228 498 2305 ,ἕτεροι
532 2226 592 2285 δὲ
632 2228 952 2301 Χοιρεᾶται.
1032 2224 1287 2286 τούτοισι
1317 2229 1470 2285 τοῖσι
1501 2224 1774 2299 οὐνόμασι
1806 2231 1922 2287 τῶν

321 2315 545 2391 φυλέων
579 2314 846 2392 ἐχρέωντο
880 2316 936 2373 οἱ
971 2312 1261 2379 Σικυώνιοι
1296 2314 1389 2372 καὶ
1425 2313 1517 2371 ἐπὶ
1543 2314 1923 2379 Κλεισθένεος

323 2401 610 2480 ἄρχοντος,
628 2401 721 2462 καὶ
741 2401 948 2461 ἐκείνου
966 2401 1263 2463 τεθνεῶτος
1282 2402 1361 2459 ἔτι
1382 2398 1466 2459 ἐπ’
1488 2400 1610 2460 ἔτεα
1630 2399 1922 2475 ἑξήκοντα·

317 2491 616 2567 μετέπειτα
645 2489 838 2567 μέντοι
871 2487 1048 2569 λόγον
1074 2488 1251 2564 σφίσι
1286 2486 1486 2558 δόντες,
1511 2488 1837 2565 μετέβαλον
1868 2496 1927 2555 ἐς

319 2577 449 2641 τούς
472 2576 711 2640 Ὑλλέας
738 2575 831 2652 καὶ
858 2575 1214 2652 Παμφύλους
1234 2575 1328 2635 καὶ
1346 2575 1699 2653 Δυμανάτας·
1724 2576 1926 2656 τετάρ-

319 2691 449 2727 τους
466 2665 526 2725 δέ
551 2664 776 2725 αὐτοῖσι
793 2664 1139 2741 προσέθεντο
1160 2664 1253 2724 ἐπὶ
1270 2668 1371 2725 τοῦ
1389 2662 1704 2741 Ἀδρήστου
1720 2666 1927 2731 παιδὸς

321 2753 636 2831 Αἰγιαλέος,
703 2751 807 2828 τήν
860 2752 1171 2828 ἐπωνυμίην
1230 2750 1550 2828 ποιεύμενοι
1605 2754 1930 2828 κεκλῆσθαι

321 2839 642 2919 Αἰγιαλέας.
1941 2907 1944 2910 ¹

228 2925 303 2985 69
403 2929 591 2986 Ταῦτα
604 2925 709 3002 μέν
723 2952 819 2986 νυν
837 2924 870 2985 ὁ
884 2926 1184 2990 Σικυώνιος
1205 2925 1556 3001 Κλεισθένης
1577 2927 1928 3003 ἐπεποιήκεε.

323 3014 356 3074 ὁ
396 3016 456 3075 δὲ
490 3013 559 3089 δή
597 3012 890 3089 Ἀθηναῖος
931 3016 1296 3089 Κλεισθένης,
1340 3013 1442 3073 ἐῶν
1479 3019 1581 3075 τοῦ
1621 3017 1933 3079 Σικυωνίου

322 3102 521 3163 τούτου
553 3103 907 3183 θυγατριδέος
943 3103 1034 3161 καὶ
1069 3102 1136 3162 τὰ
1168 3102 1378 3178 οὕνομα
1413 3102 1506 3161 ἐπὶ
1535 3100 1736 3163 τούτου
1764 3105 1932 3185 ἔχων,

324 3188 532 3253 δοκέειν
556 3190 699 3269 ἐμοὶ,
725 3189 819 3251 καὶ
843 3187 1004 3255 οὗτος
1021 3188 1290 3268 ὑπεριδών
1302 3189 1514 3263 Ἴωνας,
1535 3190 1624 3251 ἵνα
1641 3190 1726 3270 μή
1745 3199 1937 3271 σφισι

27 3315 171 3382 ι
210 3305 219 3313 .
