2100 3409
144 43 402 109 ,ει-56]
855 44 1163 95 OTPANIA
1684 50 1779 98 239

140 123 278 201 τὴν
304 128 369 184 ἐν
391 125 468 202 τῇ
490 121 699 202 ἠπείρῳ
728 124 995 204 γενέσθαι
1028 122 1141 184 ὕπο
1175 125 1459 205 Πέρσῃσι·
1495 126 1783 204 ἔμπροσθε

154 212 247 272 ων
279 211 398 289 πρό
431 214 536 287 τῆς
565 208 918 288 ἀκροπόλιος,
950 211 1156 272 ὄπισθε
1189 212 1248 270 δὲ
1286 218 1398 273 τῶν
1435 215 1653 274 πυλέων
1690 215 1783 274 καὶ

152 326 276 375 της
299 298 522 372 ἀνόδου,
549 302 623 378 τῇ
649 299 717 373 δὴ
745 298 869 358 οὔτε
894 325 978 362 τις
1002 298 1303 375 ἐφύλασσε
1329 299 1441 360 οὔτ’
1468 300 1537 361 ἂν
1565 300 1779 377 ἤλπισε

157 387 256 465 μή
298 387 436 446 κοτέ
471 412 556 449 τις
588 386 729 445 κατὰ
760 390 937 446 ταῦτα
968 385 1217 462 ἀναβαίη
1252 386 1569 464 ἀνθρώπων,
1608 388 1783 468 ταύτῃ

161 472 476 551 ἀνέβησάν
493 497 638 536 τινες
663 472 803 532 κατοὶ
825 473 892 533 τὸ
922 473 1043 551 ἱρὸν
1066 478 1167 549 τῆς
1193 475 1486 551 Κέκροπος
1511 475 1786 556 θυγατρὸς

160 560 517 642 Ἀγλαύρου,
541 561 827 637 καίτοιπερ
855 559 1218 637 ἀποκρήμνου
1244 561 1432 625 ἐόντος
1454 566 1556 622 τοῧ
1582 563 1784 642 χώρου·

165 648 249 711 οἷς
289 647 355 707 δὲ
396 647 543 706 εἶδον
577 646 775 711 αΰτούς
815 647 1246 724 ἀναβεβηκότας
1281 651 1335 708 οἱ
1370 648 1658 725 Ἀθηναῖοι
1693 651 1784 711 ἐπὶ

165 736 283 811 τὴν
323 733 650 811 ἀκρόπολιν,
691 738 747 794 οἱ
785 737 889 812 μὲν
930 736 1218 812 ἐρρίπτεον
1256 736 1487 800 ἐωντούς
1514 737 1654 797 κατά
1680 742 1784 799 τοῦ

167 822 396 901 τείχεος
437 822 599 892 κάτω,
629 824 721 881 καὶ
761 822 1160 901 διεφθείροντο,
1191 825 1246 882 οἱ
1279 823 1339 881 δὲ
1366 829 1424 887 ἐς
1446 824 1512 884 τὸ
1539 826 1786 906 μέγαρον

171 911 549 990 κατέφευγον·
590 913 702 969 τῶν
728 910 789 968 δὲ
815 911 1084 987 Περσέων
1109 914 1164 970 οἱ
1194 910 1616 988 ἀναβεβηκότες
1639 918 1787 991 πρῶ-

170 1024 278 1059 τον
303 1000 411 1074 μὲν
438 996 743 1074 ἐτράποντο
780 997 921 1074 πρᾶς
955 996 1058 1061 τάς
1083 998 1281 1072 πύλας,
1326 1000 1529 1063 ταύτας
1555 1001 1614 1059 δὲ
1639 1000 1786 1061 ἀνοί-

175 1086 376 1156 ξαντες
415 1084 546 1148 τούς
589 1086 768 1149 ἱκέτας
811 1085 1094 1161 ἐφόνευον·
1152 1086 1271 1145 ἐπεὶ
1312 1087 1376 1146 δέ
1429 1094 1542 1163 σφι
1583 1088 1787 1151 πάντες

176 1175 586 1251 κατέστρωντο,
613 1173 680 1234 τό
714 1173 835 1251 ἶρόν
860 1172 1216 1249 συλήσαντες
1252 1175 1565 1249 ἐνέπρησαν
1591 1179 1787 1235 πᾶσαν

174 1260 289 1337 τήν
316 1261 639 1338 ἀκρόπολιν.

265 1348 432 1426 Ex&
459 1347 519 1407 δὲ
544 1349 856 1412 παντελέως
879 1347 980 1410 τοὶς
1004 1346 1246 1423 Ἀθήνας
1280 1347 1507 1424 Ξέρξης,
1536 1347 1783 1425 ἀπέπεμ-
1802 1351 1883 1409 54

178 1444 256 1514 ψε
284 1440 341 1499 ἐς
369 1437 564 1499 Σοῦσα
593 1434 839 1516 ἄγγελον
867 1437 1038 1494 ἱππέα
1074 1433 1407 1514 Ἀρταβάνῳ
1443 1435 1788 1518 ἀγγελέοντα

179 1522 288 1599 τήν
312 1521 636 1600 παρεοῦσάν
660 1529 773 1598 σφι
800 1522 1118 1600 εὐπρηξίην.
1199 1522 1312 1584 ἀπό
1339 1524 1399 1583 δὲ
1422 1528 1523 1600 τῆς
1547 1526 1791 1603 πέμψιος

179 1616 285 1671 τοῦ
328 1609 560 1687 κήρυκος
601 1611 825 1689 δευτέρῃ
863 1611 1044 1688 ἡμέρῃ
1087 1613 1447 1691 συγκαλέσας
1483 1612 1792 1688 Ἀθηναίων

181 1698 316 1762 τοῦς
356 1698 625 1779 φυγάδας,
666 1701 842 1776 ἑωυτῷ
881 1698 942 1757 δὲ
989 1690 1304 1773 ἑπομένους,
1348 1699 1566 1757 ἐκέλευε
1600 1700 1789 1779 τρόπῳ

182 1790 263 1865 τῷ
301 1787 560 1866 σφετέρῳ
601 1787 771 1846 θῦσαι
808 1786 880 1846 ταὶ
920 1785 1014 1863 ἱροὶ
1050 1784 1370 1861 ἀναβάντας
1405 1789 1460 1848 ἐς
1489 1784 1594 1859 τὴν
1629 1785 1790 1863 ἀκρό-

184 1879 380 1934 πολιν·
421 1875 529 1933 εἴτε
555 1874 623 1949 δὴ
645 1871 720 1933 ὧν
745 1871 876 1951 ὄψιν
899 1874 1023 1934 τινὰ
1052 1871 1176 1932 ἷδῶν
1196 1872 1450 1931 ἐνυπνίου
1471 1873 1790 1932 ἐνετέλλετο

186 1967 380 2031 ταῦτα,
417 1964 526 2022 εἴτε
562 1962 653 2020 καὶ
692 1960 946 2037 ἐνθύμιόν
979 1964 1032 2021 οἱ
1072 1961 1289 2041 ἐγένετο
1325 1959 1695 2036 ἐμπρήσαντα
1720 1961 1787 2021 τὰ

190 2051 328 2128 ἱρόν·
373 2053 427 2109 οἶ
458 2050 518 2108 δὲ
550 2049 793 2130 φυγάδες
827 2052 938 2108 τῶν
962 2048 1272 2124 Ἀθηναίων
1307 2048 1583 2123 ἐποίησαν
1607 2047 1679 2107 τοὶ
1706 2053 1789 2107 ἐν·

187 2138 520 2213 τεταλμένα.
601 2140 716 2197 Τοῦ
769 2136 829 2195 δὲ
882 2137 1084 2197 εἵνεκεν
1147 2135 1359 2196 τούτων
1418 2135 1788 2211 ἐπεμνήσθην,
1806 2138 1885 2194 55

190 2224 414 2302 φράσω·
462 2225 585 2284 ἔστι
626 2229 684 2283 ἐν
721 2227 794 2302 τῇ
835 2222 1114 2301 ἀκροπόλι
1146 2223 1321 2302 ταύτῃ
1356 2222 1653 2302 Ἐρεχθέος
1692 2227 1792 2283 τοῦ

188 2312 452 2395 γηγενέος
488 2313 794 2393 λεγομένου
836 2311 974 2372 εἶναι
1013 2311 1158 2386 νηὸς,
1197 2316 1256 2372 ἐν
1292 2315 1370 2390 τῷ
1401 2313 1563 2388 ἐλαίη
1598 2337 1661 2371 τε
1702 2313 1793 2370 καὶ
1847 2379 1854 2386 .

188 2401 465 2460 θάλασσα
492 2400 588 2458 ἔνι·
628 2399 700 2457 τοὶ
725 2397 898 2476 λόγος
922 2400 1077 2473 παρὰ
1101 2397 1410 2473 Ἀθηναίων
1437 2398 1794 2458 Ποσειδέωνά

188 2512 253 2548 τε
279 2487 370 2545 καὶ
395 2486 697 2561 Ἀθηναίην
728 2486 1021 2562 ἐρίσαντας
1038 2485 1287 2562 περὶτῆς
1311 2485 1494 2562 χώρης
1519 2486 1794 2561 μαρτύρια

190 2576 412 2634 θέσθαν
479 2573 686 2649 ταύτην
728 2573 801 2633 ὧν
838 2574 942 2650 τὴν
981 2573 1177 2648 ἐλαίην
1217 2598 1337 2649 αμα
1376 2576 1453 2650 τῷ
1492 2572 1713 2631 ἄλλωο
1696 2600 1793 2652 ιρω

190 2662 475 2736 κατέλαβε
503 2659 950 2737 ἐμπρησθῆναι
917 2660 1026 2721 υπό
1052 2663 1163 2720 τῶν
1198 2659 1529 2736 βαρβάρων·
1572 2632 1796 2737 δέυτέρῃ

191 2749 253 2809 δὲ
288 2747 471 2826 ἡμέρῃ
509 2747 625 2807 ἀπὸ
664 2752 766 2824 τῆς
818 2747 1146 2824 ἐμπρήσιος,
1189 2744 1498 2822 Ἀθηναίων
1543 2750 1598 2805 οἱ
1646 2746 1797 2806 θυειν

188 2835 301 2896 ὖπό
336 2836 617 2911 βασιλέος
654 2834 1006 2911 κελευόμενοι
1044 2859 1116 2896 ως
1151 2832 1497 2909 ἀνέβησαν’
1471 2859 1527 2897 ες
1550 2858 1619 2894 το
1657 2834 1793 2909 ἶρόν,

192 2923 342 3000 ὥρων
370 2923 641 2998 βλαστὸν
680 2928 740 2982 ἐκ
776 2925 876 2982 τοῦ
913 2921 1213 2997 στελέχεος
1248 2920 1387 2981 ὅσον
1422 2947 1483 2980 τε
1518 2922 1797 2997 πηχυαῖον

192 3010 696 3088 ἀναδεδραμηκότα.
782 3007 935 3069 οὗτοι
959 3009 1066 3084 μέν
1091 3032 1188 3067 νυν
1212 3012 1387 3067 ταῦτα
1415 3010 1690 3082 ἔφρασαν,

278 3102 351 3171 Οἵ
391 3099 450 3158 δὲ
492 3106 550 3159 ἐν
591 3099 871 3175 Σαλαμῖνι
890 3096 1188 3168 Ἕλληνες,
1229 3095 1301 3158 ὥς
1335 3099 1447 3169 σφι
1482 3090 1794 3169 ἐξαγγέλθη
1812 3093 1889 3149 56

198 3185 271 3252 ὥς
295 3186 430 3266 ἔσχε
449 3185 523 3247 τοὶ
547 3185 678 3263 περὶ
700 3185 805 3260 τὴν
829 3181 1138 3260 Ἀθηναίων
1163 3181 1489 3258 ἀκρόπολιν,
1519 3180 1575 3238 ἐς
1597 3179 1799 3234 τοσοῦ·
