2100 3409
183 67 486 134 228-233]
814 68 1185 119 ΠΟΔΤΜΝῙΔ.
1698 70 1794 119 215

180 150 373 212 σόντα
401 154 459 212 ἐς
491 146 595 208 τᾶν
628 147 832 227 ὅμιλον
863 148 1259 226 διαφθαρῆναι·
1298 147 1710 227 Ἀριστόδημον
1733 150 1796 211 δὶ

182 236 646 315 λειποψυχέοντα
697 237 1011 314 λειφθῆναι.
1101 239 1148 295 εἶ
1198 237 1303 314 μέν
1349 261 1444 297 νυν
1482 234 1554 312 ἦν
1590 239 1797 313 μοῦνον

183 324 612 402 Ἀριστόδημον
630 323 964 405 ἀλγήσαντα
984 323 1379 400 ἀπονοστῆσαι
1402 330 1457 388 ἐς
1478 323 1742 400 Σπάρτην
1759 323 1797 401 ἢ

187 414 286 472 καὶ
323 411 471 489 ὁμσῦ
507 413 701 487 σφέων
738 411 1072 490 ἀμφοτέρων
1110 437 1214 487 την
1256 411 1486 487 κομιδὴν
1517 411 1797 492 γενέσθαι,

187 500 460 560 δοκέειν’
434 500 575 575 εμοὶ,
604 525 704 559 ουκ
730 498 798 561 ἀν
816 506 929 575 σφι
962 500 1313 576 Σπαρτιήτας
1326 502 1512 607 Αμῆνιν
1540 498 1800 575 ουδεμίαν

186 588 575 664 προσθέσθαι·
642 587 761 649 νυνὶ
801 588 876 657 δὲ,
917 591 1017 647 τοῦ
1064 591 1168 663 μὲν
1207 586 1387 648 αὐτῶν
1426 587 1796 664 ἀπολομένου,

186 680 296 736 τοῦ
323 676 385 734 δὲ
411 679 513 751 τῆς
530 678 635 751 μὲν
652 674 823 750 αὐτῆς
849 677 1117 753 ἐχομένου
1136 675 1459 751 προφάσιος
1484 676 1586 735 οὐκ
1608 677 1797 752 ἐθελή-

189 789 405 825 σαντος
424 762 485 820 δὲ
505 761 898 837 ἀποθνήσκειν,
917 761 1227 843 ἀναγκαίως
1253 769 1367 838 σφι
1393 765 1538 841 ἔχειν
1561 764 1798 840 μηνῖσαι

188 851 456 931 μεγάλως
480 849 886 930 Ἀριστοδήμη).
970 854 1044 910 Oc.
1078 851 1185 927 μέν
1215 877 1310 911 νυν
1342 850 1483 911 οὕτω
1509 853 1758 926 σωθῆναι
1774 855 1895 913 230

190 940 436 1019 λέγουσι
457 936 868 1014 Ἀριστόδημον
894 944 949 1002 ἐς
970 938 1249 1016 Σπάρτην,
1276 940 1369 999 καὶ
1395 940 1485 998 &ot
1505 938 1799 1017 πρόφασιν

190 1025 435 1101 τοιήνδε·
480 1028 533 1083 οἶ
573 1026 632 1084 δὲ
669 1022 918 1107 ἄγγελον
956 1026 1289 1102 πεμφθέντα
1322 1032 1382 1087 ἐκ
1420 1032 1523 1087 τοῦ
1563 1053 1799 1105 στρατο-

191 1114 384 1187 πέδου,
419 1112 572 1182 ἐξεὸν
603 1112 749 1193 αὐτῷ
775 1115 1122 1220 καταλαβεῖν
1148 1114 1253 1188 τὴν
1277 1114 1466 1220 μάχην
1485 1116 1796 1195 γινομένην,

192 1226 298 1262 ουκ
341 1202 614 1277 ε’θελῆσαι
656 1201 784 1260 ἀλλ’
821 1201 1196 1276 ὑπομείναντα
1229 1206 1288 1260 ε’ν
1325 1203 1398 1279 τῇ
1435 1200 1546 1279 ὁδῷ
1583 1227 1797 1281 περιγε-

191 1289 417 1350 νέσθαι·
457 1289 552 1349 τον
587 1287 647 1347 δε
678 1288 1030 1368 συνάγγελον
1058 1285 1230 1347 αυτοῦ
1254 1286 1590 1364 ἀπικόμενον
1617 1294 1672 1352 ἐς
1696 1289 1799 1364 τὴν

191 1375 390 1455 μάχην
429 1376 747 1438 ἀποθανεῖν.
828 1375 1259 1452 Ἀπονοστήσας
1299 1376 1358 1436 δὲ
1398 1380 1454 1439 ἐς
1494 1376 1757 1436 Λακεδαί-
1778 1379 1890 1438 231

192 1490 349 1540 μονα
389 1491 422 1523 ο
462 1463 871 1542 Ἀριστόδημος
917 1462 1126 1528 ὄνειδός
1163 1489 1227 1524 τε
1269 1464 1384 1544 εἶχε
1425 1465 1517 1523 καὶ
1559 1464 1798 1541 ἀτιμίην,

195 1550 441 1630 πάσχων
467 1552 526 1610 δὲ
552 1551 738 1612 τοιάδε
763 1551 1025 1627 ἠτίμωτο·
1075 1550 1201 1612 οὔτε
1227 1556 1281 1613 οἱ
1307 1557 1418 1629 πῦρ
1446 1553 1621 1615 οὐδεὶς
1646 1554 1801 1613 ἔναυε

199 1639 593 1715 Σπαρτιητέων
653 1637 780 1699 οὔτε
846 1639 1143 1718 διελέγετο,
1212 1638 1417 1702 ὄνειδός
1469 1665 1530 1698 τε
1596 1640 1713 1719 εἶχε
1766 1640 1798 1702 ὅ
1886 1663 1895 1672 ·

194 1728 407 1803 τρέσας
430 1726 835 1804 Ἀριστόδημος
871 1726 1228 1802 καλεόμενος·
1269 1726 1401 1784 ἀλλ’
1432 1725 1468 1785 ὁ
1501 1728 1605 1802 μὲν
1637 1732 1696 1784 ἐν
1727 1732 1801 1807 τῇ

200 1818 262 1873 ἐν
318 1819 649 1893 Πλαταιῇσι
700 1815 857 1894 μάχῃ
909 1814 1159 1889 ἀνέλαβε
1198 1817 1390 1872 πᾶσαν
1441 1813 1545 1888 τὴν
1585 1819 1799 1894 ε’πενεχυ

200 1900 411 1961 θεῖσάν.
428 1903 484 1960 οἱ
509 1903 707 1978 αἰτίην.
788 1904 1027 1982 Λέγεται
1050 1902 1114 1960 δὲ
1139 1901 1231 1960 καὶ
1256 1899 1437 1959 ἄλλον
1462 1902 1759 1977 ἀποπεμφ-
1777 1905 1896 1963 232

200 1990 372 2051 θέντα
398 1989 697 2070 ἄγγελον’
672 2015 727 2051 ες
750 1990 1082 2066 Θεσσαλίην
1103 2014 1218 2050 των
1239 1989 1573 2066 τριηκοσίων
1596 1988 1802 2051 τούτων

197 2079 612 2159 περιγενέσθαι,
651 2080 732 2156 τῷ
783 2077 992 2155 οὕνομα
1039 2077 1179 2138 εἶναι
1218 2078 1520 2152 Παντίτην·
1605 2075 1805 2154 νοστή-

199 2193 387 2228 σαντα
428 2170 489 2230 δὲ
514 2171 726 2230 τοῦτον
767 2173 825 2232 ἐς
868 2166 1150 2243 Σπάρτην,
1207 2192 1279 2229 ως
1316 2164 1577 2241 ἠτίμωτο,
1622 2163 1798 2246 ἀπάγ-

199 2256 433 2326 ξασθαι.

289 2345 365 2402 Οἱ
405 2343 467 2402 δε
505 2344 769 2420 Θηβαῖοι,
807 2345 920 2402 τῶν
960 2342 991 2402 ὁ
1032 2340 1369 2419 Λεοντιάδης
1411 2329 1763 2422 ἐστρατήγεε,
1780 2343 1901 2401 233

200 2430 340 2493 τέως
376 2456 480 2507 μεν
518 2431 663 2507 μετὰ
698 2433 809 2492 τῶν
847 2429 1138 2504 Ἑλλήνων
1179 2428 1357 2492 ἐόντες
1398 2428 1675 2507 ε’μάχοντο
1713 2429 1805 2489 ὑπ’

203 2517 509 2598 ἀναγκαίης
550 2517 807 2598 ἐχόμενοι
852 2516 992 2594 πρὸς
1023 2516 1150 2623 Ατήν
1188 2515 1466 2591 βασιλέος
1520 2516 1809 2594 στρατιήν·

203 2604 281 2669 (εἷς
305 2606 368 2665 δὲ
393 2605 540 2666 εἶδον
569 2606 976 2717 κατυπέρτερα
972 2607 1086 2664 τῶν
1127 2602 1391 2679 Περσέων
1428 2603 1695 2684 γινόμενα
1733 2603 1807 2665 vot

200 2693 530 2775 πρήγματα,
582 2693 724 2754 οὕτω
778 2692 846 2769 δη
898 2696 1009 2752 τῶν
1067 2715 1178 2750 συν
1223 2690 1469 2769 Λεωνίδῃ
1520 2690 1811 2767 Ἑλλήνων

203 2783 581 2863 ἐπειγομένων
618 2782 711 2841 ἐπὶ
749 2806 849 2842 τον
895 2777 1161 2850 κολωνον,
1202 2776 1648 2857 ἀποσχισθέντες
1685 2778 1810 2840 τού-

200 2894 332 2939 των,
379 2869 573 2949 χεῖράς
617 2894 680 2930 τε
732 2868 1050 2947 προέτεινον
1097 2858 1190 2926 καὶ
1240 2864 1414 2941 ἤϊσαν
1467 2892 1654 2926 ασσον
1702 2869 1815 2926 τῶν

202 2956 540 3035 βαρβάρων,
588 2958 845 3038 λέγοντες
881 2981 984 3016 τον
1029 2954 1423 3030 ἀληθέστατον
1458 2956 1569 3013 τῶν
1607 2951 1806 3030 λόγων,

207 3071 282 3107 ως
324 3045 417 3104 καὶ
454 3045 755 3121 μηδίζουσι
783 3044 875 3102 καὶ
912 3046 1023 3123 γῆν
1053 3067 1116 3101 τε
1148 3042 1241 3102 καὶ
1275 3042 1418 3119 ὕδωρ
1450 3045 1509 3099 εν
1541 3037 1812 3113 πρώτοισι

205 3132 414 3193 ἔδοσαν
438 3135 698 3209 βασιλέϊ,
724 3132 834 3193 &ra
875 3132 936 3190 δὲ
968 3129 1274 3211 ἀναγκαίης
1305 3128 1560 3207 ἐχόμενοι
1595 3128 1650 3185 ἐς
1675 3128 1813 3199 Θερ-

202 3219 473 3295 μοπύλας
504 3220 815 3294 ἀπικοίατο,
847 3217 940 3280 καὶ
974 3216 1213 3280 ἀναίτιοι
1249 3215 1358 3276 εἶεν
1391 3216 1493 3273 τοῦ
1527 3232 1814 3287 τρωματος
