2100 3409
318 61 415 107 ιιι
572 107 576 111 ,
950 56 1316 107 ἬΡοΔοΊεοτ
1792 55 1911 122 [π

319 136 468 196 αἴτεε
495 135 690 196 ἐκατὸν
713 134 982 205 τάλαντα,
1010 133 1206 245 φάς,
1166 160 1237 211 ην
1262 134 1346 213 μή
1372 137 1427 196 οἱ
1450 135 1609 208 δῶσι,
1636 135 1734 197 οὔκ
1776 135 1910 197 ἀπα-

318 223 624 300 ναστήσειν
655 224 759 299 τὴν
800 222 1072 301 στρατιὴν
1110 222 1242 301 πρὶν
1266 221 1304 299 ἢ
1332 221 1499 311 ἐξέλῃ
1532 224 1733 300 σφέας·
1777 227 1831 284 οἱ
1856 224 1912 282 δὲ

321 310 528 388 Πάριοι
577 311 716 373 ὅκως
760 311 864 389 μέν
910 336 967 370 τι
1019 308 1270 369 δωσουσι
1316 306 1605 390 Μιλτιάδῃ
1656 311 1910 393 ἀργυρίου

321 399 447 459 οὐδὲ
472 399 797 474 διενοεῦντο·
838 424 894 457 οι
918 396 1042 456 δὲ’
1010 423 1150 460 οκως
1181 397 1597 473 διαφυλάξουσι
1620 398 1724 475 τήν
1748 399 1909 458 πόλιν

318 490 485 546 τοῦτο
529 489 900 564 ἐμηχανῶντο,
942 483 1099 544 ἄλλα
1137 511 1201 545 τε
1243 485 1679 563 ἐπιφραζόμενοι
1717 486 1810 545 καὶ
1842 489 1907 565 τῇ

320 573 578 649 μάλιστα
604 572 733 633 ἔσκε
761 571 1029 633 ἑκάστοτε
1055 573 1331 652 ἐπίμαχον
1366 575 1469 633 τοῦ
1498 574 1726 652 τείχεος,
1750 576 1905 634 τοῦτο

228 660 346 719 134
363 659 480 736 ἅμα
506 660 660 720 νυκτὶ
686 659 913 738 ἐξῄρετο
938 658 1245 735 διπλήσιον
1267 663 1370 720 τοῦ
1394 659 1652 739 ἀρχαίου.
1707 658 1803 724 Ἐς
1813 662 1905 737 μὲν

322 745 392 822 δή
431 752 674 809 τοσοῦτο
712 751 814 808 τοῦ
853 748 1032 829 λόγου
1061 750 1117 807 οἱ
1140 748 1343 812 πάντες
1359 747 1638 824 ’Έλληνες
1662 749 1932 830 λέγουσι’·

322 833 389 893 ro*
422 835 668 898 ἐνθεῦτεν
698 835 759 895 δὲ
785 834 944 895 αὐτοὶ
969 834 1179 911 Πάριοι
1216 835 1479 916 γενέσθαι
1518 833 1623 895 ὦδε
1662 837 1902 918 λέγουσι·

323 921 610 1001 Μιλτιάδῃ
651 922 946 1000 ἀπορέοντι
987 923 1173 983 ἐλθεῖν
1216 928 1271 986 ἐς
1310 922 1517 1004 λόγους
1561 927 1621 982 αῖ
1721 924 1738 944 ’
1850 948 1905 982 ον
1982 955 1990 966 ·

320 1013 572 1088 γυναῖκα,
617 1014 822 1070 ἐοῦσαν
866 1012 971 1087 μὲν
1015 1010 1238 1086 Παρίην
1279 1011 1455 1091 γένος,
1501 1009 1713 1088 οὔνομα
1757 1010 1820 1070 δέ
1858 1013 1905 1069 οἱ

323 1095 463 1155 εἶναι
482 1100 710 1174 Τιμοῦν·
754 1098 892 1158 εἶναι
911 1097 972 1157 δὲ
994 1096 1340 1174 ὑποζάκορον
1364 1101 1474 1157 τῶν
1496 1098 1735 1176 χθονίων
1760 1099 1904 1159 θεῶν·

320 1183 526 1261 ταύτην
562 1185 622 1245 δὲ
658 1186 940 1246 ἐλθοῦσαν
967 1190 1022 1247 ἐς
1047 1184 1180 1263 ὄψιν
1204 1184 1527 1244 Μιλτιάδεω
1562 1188 1908 1262 συμβουλεῦ-

323 1272 430 1332 σαί
452 1276 522 1343 οἱ,
551 1277 599 1333 εἷ.
624 1273 752 1351 περὶ
777 1276 1000 1333 πολλοῦ
1036 1272 1284 1332 ποιέεται
1311 1272 1507 1348 Πάρον
1544 1276 1707 1342 ἑλεῖν,
1744 1272 1817 1332 τὰ
1848 1270 1911 1332 ἂν

323 1358 466 1432 αὐτή
493 1358 772 1434 ὖποθῆται
795 1363 973 1419 ταῦτα
997 1361 1221 1419 ποιέειν·
1262 1359 1407 1436 μετά
1433 1360 1508 1430 δὲ,
1526 1359 1631 1434 τὴν
1655 1362 1761 1437 μὲν
1784 1359 1910 1419 ὕπο-

325 1446 544 1515 θέσθαι,
569 1445 670 1506 τὸν
695 1446 754 1505 δὲ
781 1445 1117 1523 ἀπικόμενον
1142 1447 1235 1506 ἐπὶ
1258 1446 1361 1507 τᾶν
1387 1446 1632 1507 κολωνὸν
1667 1446 1771 1507 τᾶν
1806 1446 1910 1525 πρὸ

325 1536 424 1606 τῆς
466 1531 665 1595 πόλιος
706 1532 870 1593 ἐόντα
913 1533 979 1594 vd
1019 1535 1175 1611 ἕρκος
1211 1532 1578 1611 θεσμοφόρου
1620 1533 1913 1611 Δήμητρος

328 1617 697 1696 ὑπερθορέειν,
724 1619 790 1681 οὗ
830 1621 1129 1697 δυνάμενον
1158 1622 1261 1685 τοὶς
1286 1621 1457 1699 θύρας
1480 1620 1715 1691 ἀνοῖξαι·
1753 1621 1913 1700 ὕπερ·

324 1706 565 1784 θορόντα
587 1708 649 1768 δὲ
677 1711 813 1770 ἴέναι
840 1710 931 1769 ἐπὶ
955 1710 1023 1770 vd
1048 1710 1297 1790 μέγαρον
1330 1708 1366 1769 ὅ
1403 1735 1459 1769 τι
1494 1708 1564 1784 δή
1604 1708 1914 1785 ποιήσοντα

312 1794 494 1867 -ἐντὸς,
522 1797 631 1857 εἴτε
670 1796 970 1873 κινήσοντά
1007 1823 1065 1857 τι
1103 1801 1214 1857 τῶν
1251 1795 1520 1873 ἀκινήτων
1545 1796 1714 1857 εἴτε·ὅ
1736 1822 1794 1866 τι
1820 1796 1908 1872 δή·

321 1908 461 1944 ποτε
490 1884 790 1962 πρήξοντα·
832 1883 974 1961 πρός
1008 1887 1145 1963 τῇσι
1172 1883 1382 1964 θύρῃσί
1413 1909 1477 1944 τε
1514 1884 1794 1965 γενέσθαι,
1820 1885 1909 1942 καὶ

321 1970 565 2046 πρόκατε
590 1975 793 2049 φρίκης
816 1971 986 2032 αὐτὸν
1010 1971 1382 2048 ὑπελθούσης,
1403 1972 1588 2031 ὀπίσω
1611 1971 1716 2048 τὴν
1739 1970 1909 2046 αὖτῆν

320 2056 454 2128 ὁδόν
495 2058 697 2118 ἵεσθαι·
730 2059 1220 2135 ικαταθρώσκοντα
1259 2060 1320 2118 δὲ
1359 2058 1467 2135 τήν
1500 2058 1771 2135 αἱμασιὴν
1809 2057 1908 2120 τᾶν

319 2144 502 2218 μηρὸν
524 2145 874 2219 σπασθῆναι·
916 2148 970 2204 οἷ
995 2146 1057 2205 δὲ
1081 2146 1250 2207 αὖτὸν
1272 2145 1340 2206 τὸ
1365 2145 1503 2227 γόνυ
1522 2150 1905 2222 προσπταῖσαι

231 2230 345 2289 135
363 2230 621 2309 λέγουσι.
703 2232 1020 2309 Μιλτιάδης
1054 2234 1157 2309 μέν
1200 2259 1297 2293 νυν
1332 2233 1597 2310 φλαύρως
1630 2234 1838 2312 ἔχων’
1803 2261 1905 2295 απ·-

323 2313 489 2374 έπλεε
529 2315 727 2387 ὀπίσω,
755 2317 882 2377 οὔτε
916 2319 1182 2397 χρήματα
1216 2319 1564 2396 Ἀθηναίοισι
1605 2320 1755 2402 ἄγων
1787 2349 1910 2382 ουτε

325 2400 524 2478 Πάρον
566 2406 1081 2483 προσκτησάμενος,
1128 2406 1283 2467 ἀλλα
1325 2408 1713 2484 πολιορκήσας
1751 2435 1812 2469 τε
1849 2411 1909 2479 ἐξ

324 2488 417 2545 καὶ
454 2489 632 2547 εἴκοσι
665 2516 874 2568 ημερας
909 2493 1000 2551 καὶ
1036 2492 1279 2568 δηῖὥσας
1300 2494 1403 2570 τὴν
1431 2499 1627 2570 νῆσον.
1711 2496 1904 2572 Πάριοι

322 2573 384 2632 δὲ
421 2576 723 2653 πυθόμενοι
759 2578 830 2642 ὥς
855 2579 893 2654 ἦ
920 2578 1263 2657 ὑποζάκορος
1285 2585 1397 2641 τῶν
1424 2583 1563 2642 θεῶν
1589 2582 1745 2659 Τιμῶ
1768 2588 1902 2642 Μιλ-

321 2660 481 2739 τιάδῃ
538 2665 915 2745 κατηγήσατο,
968 2667 1319 2745 βουλόμενοί
1369 2694 1468 2746 μιν
1530 2668 1655 2729 ἀντὶ
1714 2670 1904 2730 τούτων

320 2749 768 2825 τιμωρήσασθαι,
812 2753 1159 2830 θεοπρόπους
1200 2756 1489 2832 πέμπουσι
1536 2761 1593 2819 ἐς
1636 2756 1900 2833 Δελφοῦς,

324 2833 396 2897 ὥς
435 2834 619 2911 σφεας
657 2837 869 2918 ἡσυχίη
894 2845 995 2917 τῆς
1020 2844 1348 2919 πολιορκίης
1375 2844 1529 2921 ἔσχε·
1572 2845 1812 2921 ἔπεμπον
1845 2845 1901 2904 δὲ

325 2925 789 3000 ἐπειρησομένους
834 2931 885 2985 εἴ.
930 2929 1380 3007 καταχρήσονται
1423 2930 1527 3005 τὴν
1557 2931 1903 3008 ὑποζάκορον

319 3014 431 3069 τῶν
492 3011 632 3070 θεων
691 3010 762 3075 ὥς
820 3014 1242 3094 ἐξηγησαμένην
1298 3021 1455 3077 τοῖσι
1513 3019 1768 3096 ἐχθροῖσι
1811 3024 1903 3095 τῆς

323 3098 588 3173 πατρίδος
629 3098 862 3169 ἅλωσιν,
908 3102 998 3159 καὶ
1040 3102 1113 3162 τά
1157 3108 1211 3165 ἐς
1255 3105 1454 3178 ἔρσενα
1497 3104 1668 3185 γόνον
1709 3104 1901 3183 ἄρρητα

325 3183 417 3259 ἷρα
444 3185 771 3265 ἐκφῄνασαν
791 3187 1098 3266 Μιλτιάδῃ·
1138 3188 1175 3264 ἦ
1203 3190 1262 3249 δὲ
1283 3190 1471 3267 Πυθίη
1498 3216 1600 3251 ουκ
1626 3193 1708 3266 ἔα,
1736 3198 1900 3267 φᾶσα,
