2100 3409
203 31 434 97 61-67]
815 31 1795 86 noAmmA.149

201 114 236 174 ὁ
280 110 546 187 Ὀτάνεω,
613 108 893 188 Ὑρκάνιοι
940 113 999 172 δὲ
1046 112 1291 190 κατάπερ
1335 114 1559 190 Πέρσαι
1604 114 1803 176 ἐσεσά-

198 226 364 278 χατο,
393 196 649 280 ἡγεμόνα
681 199 1055 278 παρεχόμενοι
1093 198 1437 280 Μεγάπανον
1476 200 1578 261 τᾶν
1612 204 1800 278 Βαβυ-

199 292 382 350 λῶνος
415 286 657 363 ὕστερον
693 286 898 346 τούτων
925 287 1421 364 ἐπιτροπεύσαντα.
1503 287 1797 365 Ἀσσύριοι
1818 291 1895 349 63

200 375 259 434 δὲ
284 372 722 452 στρατευόμενοι
747 374 876 451 περὶ
893 376 998 451 μὲν
1014 378 1155 454 τῇσι
1180 379 1472 455 κεφαλῇσι
1494 375 1645 454 εἶχον
1661 375 1799 454 χάλ-

201 461 302 521 κεά
324 486 393 521 τε
409 461 621 539 κράνεα
650 463 742 521 καὶ
765 463 1128 544 πεπλεγμένα
1156 462 1368 540 τρόπον
1407 490 1533 524 τινα
1571 463 1797 540 βάρβα-

197 575 301 627 ρον
348 548 453 609 οῦκ
504 548 881 630 εὐαπήγητον·
935 549 1180 616 ἀσπίδας
1221 551 1281 611 δε
1326 552 1418 610 καὶ
1459 551 1664 630 αἰχμάς
1712 551 1803 609 καὶ

199 637 510 718 ἐγχειρίδια
533 637 909 714 παραπλήσια
933 641 1070 717 τῇσι
1095 639 1439 718 Αἷγωπτίῃσι
1466 638 1635 717 εἶχον·
1664 637 1804 714 πρὸς

199 723 276 794 δε,
319 724 552 801 ῥόπαλα
595 722 777 793 ξύλων
819 726 1170 803 τετυλωμένα
1216 725 1425 804 σιδήρῳ
1462 726 1554 785 καὶ
1588 727 1802 791 λινέους

197 811 477 889 θώρηκας·
531 809 685 872 οὗτοι
737 813 798 872 δὲ
848 812 959 873 ὖπό
1011 816 1115 889 μὲν
1165 812 1452 889 Ἑλλήνων
1505 815 1800 878 ἐκαλέοντο

198 900 415 976 Σύριοι,
443 898 551 960 find
578 900 639 959 δὲ
663 903 775 960 τῶν
798 900 1111 978 βαρβάρων
1136 900 1433 979 Ἀσσύριοι
1458 901 1799 978 ἐκλήθησαν·

196 987 413 1046 τούτων
453 988 513 1047 δὲ
550 987 776 1064 μεταξῦ,
804 988 1102 1048 Χαλδαῖοι·
1142 986 1285 1068 ἦρχε
1322 988 1387 1049 δέ
1418 995 1612 1065 σφεων
1636 987 1800 1050 Ὀτά-

199 1099 360 1150 σπης
399 1074 432 1135 ὅ
470 1074 826 1153 Ἀρταχαίου.

286 1160 553 1240 Βάκτριοι
595 1162 656 1222 δὲ
695 1163 823 1239 περὶ
863 1165 967 1239 μὲν
1007 1167 1145 1241 τῇσι
1184 1166 1473 1242 κεφαλῇσι
1512 1162 1799 1244 ἀγχότατα
1817 1165 1894 1223 64

196 1253 313 1311 τῶν
349 1250 616 1327 Μηδικῶν
656 1251 875 1330 ἔχοντες
910 1250 1324 1327 ἐστρατεύοντο,
1359 1248 1497 1320 τόξα
1533 1250 1592 1309 δὲ
1629 1249 1801 1310 καλά-

196 1363 338 1416 μινα
381 1339 649 1417 ἐπιχώρια
689 1338 781 1398 καὶ
823 1337 1027 1418 αἰχμὰς
1061 1340 1331 1418 βραχέας.
1415 1337 1593 1402 Σάκαι
1628 1338 1687 1398 δὲ
1722 1337 1801 1420 [οἱ

200 1425 441 1508 Σκύθαι]
471 1427 599 1504 περὶ
635 1429 740 1504 μὲν
777 1430 914 1505 τῇσι
953 1432 1240 1506 κεφαλῇσι
1281 1427 1594 1504 κυρβασίας
1621 1431 1675 1490 ἐς
1700 1425 1799 1496 ὄξῦ

199 1512 513 1596 άπιγμένας
562 1513 731 1591 ὀρθάς
780 1513 935 1593 εἶχον
985 1516 1310 1596 πεπηγυίας,
1366 1514 1690 1593 ἀναξυρίδας
1735 1514 1795 1575 δὲ

199 1601 580 1661 ἐνδεδύκεσαν·
619 1600 757 1671 τόξα
782 1601 843 1660 δὲ
867 1602 1150 1683 ἐπιχώρια,
1180 1604 1272 1661 καὶ
1313 1603 1630 1682 ἐγχειρίδια,
1657 1602 1799 1678 πρός

198 1688 263 1749 δὲ
311 1690 404 1748 καὶ
448 1688 634 1759 ἀξίνας
676 1688 915 1770 σαγάρις
967 1689 1143 1769 εἶχον·
1199 1689 1448 1767 (τούτους
1494 1689 1554 1747 δὲ
1605 1687 1795 1752 ἐόντας

200 1775 426 1841 Σκύθας
447 1776 778 1857 Ἀμυργίους
817 1775 1004 1842 Σάκας
1041 1776 1291 1837 ἐκάλεον·
1333 1778 1387 1835 οἱ
1422 1775 1533 1856 γὰρ
1572 1774 1797 1852 Πέρσαι

196 1862 414 1927 πάντας
457 1864 587 1927 τοῦς
635 1863 853 1930 Σκύθας
904 1864 1173 1926 καλέουσι
1228 1862 1458 1940 Σάκας·)
1508 1861 1796 1939 Βακτρίων

198 1952 261 2010 δὲ
301 1953 396 2012 καὶ
436 1952 658 2017 Σακέων
691 1951 832 2030 ἦρχε
860 1951 1209 2028 Ὑστάσπης,
1250 1949 1283 2011 ὅ
1324 1950 1563 2026 Δαρείου
1596 1975 1659 2009 τε
1702 1949 1794 2009 καὶ

195 2038 488 2115 Ἀτόσσης
523 2043 624 2116 τῆς
666 2038 876 2117 Κύρου.
955 2038 1122 2100 Ἰνδοὶ
1162 2037 1222 2099 δὲ
1267 2037 1467 2113 εἵματα
1505 2038 1607 2114 μὲν
1652 2036 1791 2097 ἐνδε·
1815 2039 1892 2097 65

198 2124 424 2190 δυκότες
465 2125 578 2187 dara
619 2125 800 2196 ξύλων
833 2126 1195 2203 πεποιημένα,
1236 2125 1374 2196 τόξα
1416 2124 1474 2184 δὲ
1518 2123 1797 2202 καλάμινα

198 2213 354 2293 εἶχον
398 2214 492 2273 καὶ
534 2212 758 2278 σ’ῖστούς
793 2214 1149 2291 καλαμίνους·
1190 2215 1283 2274 ἐπὶ
1322 2213 1399 2284 δὲ,
1437 2212 1668 2290 σίδηρον
1707 2211 1795 2288 ἦν.

199 2303 539 2380 ἐσταλμένοι
561 2305 666 2378 μὲν
691 2301 820 2377 δὴ’
785 2327 934 2376 ησαν
959 2300 1099 2362 οὕτω
1125 2302 1309 2364 Ἰνδοί·
1340 2300 1796 2380 προσετετάχατο

198 2388 261 2448 δὲ
309 2389 817 2468 συστρατευόμενοι
869 2389 1236 2503 Φαρναζάθρῃ
1286 2394 1365 2471 τῷ
1414 2388 1794 2467 Ἀρταβάτεω.

211 2464 381 2554 Αριοι
410 2478 471 2537 δε
493 2476 711 2547 τόξοισι
734 2480 838 2555 μὲν
863 2479 1262 2555 ἐσκευασμένοι
1285 2477 1438 2553 ἦσαν
1464 2477 1791 2553 Μηδικοῖσι,
1812 2478 1888 2538 66

195 2589 266 2624 τα
303 2564 367 2623 δὲ
406 2563 560 2624 ἄλλα
599 2563 740 2625 κατά
764 2591 869 2643 περ
897 2565 1182 2641 Βάκτριοι·
1222 2563 1423 2641 Ἀρίων
1448 2562 1571 2623 δὲ’
1534 2589 1673 2643 ηρχε
1701 2567 1795 2629 Σι-

196 2651 419 2730 σάμνης
444 2679 477 2712 ο
460 2650 811 2730 ’Ὑδάρνεος
893 2653 1118 2731 Πάρθοι
1144 2652 1204 2712 δε
1230 2654 1321 2711 καὶ
1347 2650 1670 2729 Χοράσμιοι
1702 2653 1795 2711 καὶ

195 2738 412 2821 Σογδοί
450 2766 514 2799 τε
556 2740 648 2799 καὶ
690 2739 985 2852 Γανδάριοι
1030 2740 1123 2801 καὶ
1171 2740 1421 2810 Δαδίκαι,
1463 2765 1568 2815 την
1621 2737 1794 2814 αὐτήν

194 2827 406 2903 σκευήν
431 2828 649 2907 ἔχοντες
673 2827 778 2904 τήν
803 2829 895 2887 καὶ
919 2827 1205 2905 Βάκτριοι,
1231 2825 1644 2903 ἐστρατεύοντο·
1667 2825 1796 2885 τού-

193 2942 300 2977 των
349 2914 491 2974 δὲ’
454 2940 634 2996 ηρχον
681 2915 814 2976 οἶδε·
868 2914 1113 2993 Πάρθων
1156 2940 1259 2990 μεν
1305 2915 1397 2974 καὶ
1445 2914 1787 2989 Χορασμίων

151 3004 156 3014 ’
193 3001 604 3081 Ἀρτάβαζος
572 3030 605 3063 ο
632 3002 943 3081 Φαρνάκεω·
988 3002 1214 3082 Σογδῶν
1246 3002 1306 3061 δε
1329 3000 1563 3073 Ἀζάνης
1602 2997 1632 3056 ὁ
1666 2997 1793 3071 Ἀρ-

191 3092 373 3152 ταίου·
415 3091 732 3169 Γανδαρίων
762 3093 822 3151 δὲ
850 3091 940 3150 καὶ
966 3088 1249 3151 Δαδικέων
1277 3086 1576 3163 Ἀρτύφιος
1602 3082 1636 3140 ὅ
1660 3079 1787 3156 Αρ-

192 3176 470 3256 ταβάνου.
552 3177 809 3238 Κάσπιοι
833 3177 894 3238 δε
919 3175 1190 3254 σισύρνας
1217 3199 1280 3235 τε
1312 3167 1666 3237 ἐνδεδυκότες,
1693 3191 1785 3225 και
1764 3166 1879 3227 67
