2100 3409
145 84 151 91 .
167 52 193 99 l
201 43 464 110 05—108]
789 38 1169 97 ΚΑΛΛῙΟΠΗ.
1681 46 1773 96 331

163 121 539 200 ἐποιήσαντο,
585 125 751 185 πίστι
788 150 850 184 τε
903 123 1325 201 καταλαβόντες
1374 115 1469 185 καὶ
1519 125 1778 204 ὁρκίοισι,

166 212 435 290 ἐμμένειν
460 238 521 271 τε
549 212 641 270 καὶ
667 212 749 287 μή
776 211 1234 288 ἀποστήσεσθαι·
1274 212 1504 277 τούτους
1530 214 1588 272 δὲ
1616 239 1782 272 κατα-

166 300 458 376 λαβόντες
497 298 753 375 ὁρκίοισι,
811 300 1012 360 ἔπλεον
1057 301 1158 364 τᾶς
1200 294 1450 382 γεφύρας
1492 301 1780 365 λύσοντες·

169 391 257 448 ἔτι
302 388 415 467 γάρ
471 385 690 447 ἐδόκεον
729 389 1087 465 ἐντεταμένας
1134 388 1409 466 εὑρήσειν.
1490 386 1644 448 οὗτοι
1679 391 1785 465 μὲν

169 476 245 553 δὴ
274 474 360 535 ἐπ’
385 475 821 551 Ἑλλησπόντου
845 476 1065 537 ὃτλεον.

257 567 384 624 Τῶν
420 563 481 622 δὲ
510 562 916 644 ἀποφυγόντων
950 563 1264 641 βαρβάρων
1297 568 1352 628 ἐς
1389 564 1461 625 ro}
1499 563 1642 641 ἅκρα
1680 590 1742 624 τε
1761 563 1874 625 107

169 656 280 728 τῆς
334 650 610 727 Μυκάλης
663 652 1115 727 κατειληθέντων,
1164 651 1363 712 ἐόντων
1415 653 1481 712 οὐ
1533 657 1781 722 πολλῶν,

174 740 393 820 ἐγίνετο
420 738 619 815 κομιδὴ
646 744 702 802 ἐς
738 738 956 816 Σάρδις·
997 740 1380 816 πορευομένων
1406 740 1480 809 δὲ,
1508 738 1625 799 κατ’
1652 739 1783 800 ὅδὸν

93 868 106 877 -
173 828 492 901 Μασίστης
517 852 550 884 ο
579 827 821 903 Δαρείου
857 851 1191 905 παρατυχων
1217 831 1293 905 τῷ
1321 825 1489 888 πάθεϊ
1507 854 1600 907 τω
1622 853 1782 908 γεγο·

174 912 302 973 νότι
336 913 435 973 τὸν
469 912 789 995 στρατηγόν
823 913 1164 992 Ἀρταυντην
1196 915 1355 995 ἔλεγε
1383 915 1579 975 πολλά
1602 941 1664 975 τε
1691 915 1783 974 καὶ

175 1027 345 1071 κακα,
373 1000 529 1060 ἅλλα
568 1026 630 1060 τε
670 1003 763 1060 καὶ
791 1001 1050 1082 γυναικός
1090 1003 1259 1062 κακίω
1295 1002 1409 1078 φας
1448 1002 1617 1063 αὖτόν
1645 1004 1784 1062 εἶναι

172 1093 413 1148 τοιαῦτα
474 1088 963 1169 στρατηγήσαντα,
1019 1088 1115 1147 καὶ
1174 1088 1330 1158 ἄξιον
1388 1091 1525 1150 εἶναι
1577 1089 1785 1152 παντός

177 1179 357 1236 κακοῦ
383 1175 482 1237 τόν
500 1177 779 1254 βασιλέος
805 1175 959 1236 οἶκον
980 1175 1328 1235 κακώσαντα·
1365 1176 1519 1252 παρὰ
1545 1176 1605 1234 δὲ
1630 1179 1785 1235 τοῖσι

178 1264 454 1343 Πέρσῃσι
498 1264 755 1345 γυναικὸς
808 1264 976 1323 κακίω
1015 1261 1256 1322 οἰκοῦσαι
1296 1262 1480 1325 δέννος
1517 1262 1786 1343 μέγιστός

180 1358 329 1413 ἐστι·
383 1351 415 1413 6
458 1352 533 1421 δὲ,
578 1353 697 1412 ἐπεὶ
744 1351 938 1412 πολλοὶ
978 1349 1203 1427 ἤκουσε,
1252 1350 1402 1410 δεινοὶ
1442 1349 1783 1427 ποιεύμενος,

180 1444 404 1500 σπᾶται
431 1440 522 1498 ἐπὶ
552 1439 652 1500 τόν
687 1440 998 1515 Μασίστην
1022 1438 1123 1499 τᾶν
1158 1437 1436 1510 ἀκινάκεα,
1465 1439 1786 1499 ἀποκτεῖναι

181 1529 386 1588 θέλων·
448 1529 543 1586 καί
577 1552 675 1603 μιν
716 1528 1007 1587 ἐπιθέοντα
1055 1528 1330 1604 φρασθεὶς
1370 1527 1709 1608 Ξειναγόρης
1750 1526 1782 1586 ὅ

182 1616 504 1692 Πρηξίλεω,
567 1614 708 1692 ἀνὴρ
758 1614 1258 1690 Ἀλικαρνησσεύς,
1319 1613 1523 1674 ὄπισθε
1586 1614 1788 1676 ἑστεώς

183 1702 357 1763 αὐτοῦ
389 1702 747 1779 Ἀρταΰντεω,
789 1701 1025 1779 οἷρπάζει
1058 1701 1254 1778 μέσον,
1291 1701 1383 1759 καὶ
1408 1700 1604 1780 ἐξάρας
1633 1700 1785 1758 παίει

185 1796 242 1856 ἐς
274 1789 380 1866 τὴν
412 1795 540 1871 γῆν·
594 1791 686 1848 καὶ
727 1794 786 1849 ἐν
822 1789 997 1868 τούτῳ
1039 1792 1093 1848 οἱ
1133 1787 1436 1863 δορυφόροι
1476 1788 1787 1846 Μασίστεω

182 1880 570 1955 προέστησαν·
657 1877 693 1938 ὁ
743 1878 804 1937 δὲ
853 1875 1191 1957 Ξειναγόρης
1249 1879 1425 1934 ταῦτα
1488 1874 1785 1954 ἐργάσατο,

186 1966 397 2046 χάριτα
457 1964 604 2044 αὐτῷ
653 1991 718 2026 τε
768 1964 1047 2041 Μασίστῃ
1108 1963 1390 2039 τιθέμενος
1443 1963 1535 2021 καὶ
1585 1961 1782 2040 Ξέρξῃ,

187 2054 447 2125 ἐκσώζων
470 2052 573 2114 τᾶν
597 2052 875 2130 άδελφεὸν
899 2050 999 2111 τᾶν
1025 2052 1251 2110 ἐκείνου·
1295 2052 1386 2109 καὶ
1412 2050 1504 2109 διοὶ
1529 2052 1694 2110 τοῦτο
1720 2049 1787 2109 τὰ

187 2143 353 2223 ἔργον
388 2141 728 2221 ’Ξειναγόρης
765 2140 1026 2213 Κιλικίης
1062 2137 1251 2214 πάσης
1284 2138 1433 2215 ἦρξε,
1464 2137 1787 2214 δόντοςνβα-

187 2232 403 2291 σιλέος·
470 2231 581 2288 τῶν
622 2229 682 2287 δὲ
725 2226 842 2287 κατ’
891 2226 1021 2287 ὁδὸν
1067 2227 1465 2304 πορευομένων,
1511 2224 1668 2285 οὐδὲν
1710 2225 1789 2285 ἔτι

186 2318 371 2377 πλέον
411 2316 626 2397 ἐγένετο
664 2314 887 2384 τούτων,
925 2313 1056 2373 ἀλλ’
1093 2314 1445 2375 ἀπικνέονται
1482 2318 1537 2377 ἐς
1568 2313 1787 2390 Σάρδις·

188 2411 248 2465 ἐν
268 2405 331 2464 δὲ
356 2407 493 2482 τῇσι
515 2402 802 2481 Σάρδισι’
777 2401 1044 2483 ετύγχανε
1066 2401 1167 2462 ἐων
1184 2401 1479 2483 βασιλευς,
1498 2401 1609 2469 ἐξ’
1583 2403 1790 2459 ἐκείνου
1856 2471 1862 2475 .

186 2496 294 2554 τοῦ
337 2490 545 2571 χρόνου
592 2491 716 2551 ἐπεί
748 2516 811 2551 τε
858 2490 921 2559 ἐξ
952 2488 1246 2579 Ἀθηνέων,
1282 2488 1682 2564 προσπταίσας
1720 2489 1792 2563 τῇ

187 2578 491 2658 ναυμαχίῃ,
520 2577 714 2660 φυγων
737 2576 984 2636 οἷπίκετο.

273 2666 416 2727 Τότε
443 2667 556 2726 δὲ’
530 2693 589 2726 εν
612 2671 748 2744 τῇσι
775 2663 1065 2741 Σάρδισι’
1038 2687 1141 2722 εων
1165 2659 1276 2739 ἄρα
1299 2659 1411 2738 ἤρα
1435 2664 1537 2736 τῆς
1560 2660 1749 2721 Μασί-
1772 2661 1887 2720 108

188 2781 344 2818 στεω
365 2753 641 2835 γυναικὸς,
671 2751 870 2827 ἐούσης
901 2751 992 2808 καὶ
1027 2774 1230 2825 ταυτης
1262 2749 1516 2809 ἐνθαῦτα·
1559 2775 1628 2812 ως
1656 2748 1718 2807 δε
1742 2751 1796 2808 οῖ

182 2842 629 2921 προσπέμποντι
690 2864 790 2899 συκ
858 2837 1084 2897 ἐδύνατο
1147 2835 1609 2915 κατεργασθῆναι,
1669 2834 1796 2893 οὐδὲ

188 2934 333 3010 βίην
368 2928 708 3006 προσέφερε,
734 2925 1189 3003 προμηθεόμενος
1222 2923 1322 2984 τόν
1356 2922 1634 2997 ἀδελφεόν
1669 2926 1796 2978 Μα-

189 3021 427 3093 σίστην·
468 3016 645 3077 τωυτό
692 3015 753 3074 δε
797 3016 969 3073 τοῦτο
1018 3012 1137 3091 εἶχε
1180 3012 1272 3070 καὶ
1306 3011 1409 3086 τὴν
1442 3009 1692 3090 γυναῖκα·
1736 3005 1796 3064 ευ

190 3109 334 3222 γὰρ
337 3106 607 3165 ἐπίστατο
631 3103 766 3180 βίης
793 3128 857 3161 ου
841 3099 1201 3175 ’τευξομένψ
1240 3099 1474 3159 ἐνθαῦτα
1501 3093 1567 3168 δὴ
1588 3092 1799 3169 Ξέρξης

192 3194 500 3276 ἐργόμενος
523 3194 633 3251 τῶν
658 3189 866 3259 ἄλλων,
895 3187 1146 3265 πρήσσει
1169 3187 1269 3249 *cdv
1293 3184 1477 3266 γάμον
1501 3183 1699 3242 τοῦτον
1723 3184 1800 3257 τῷ
