2100 3409
221 43 478 107 99—103]
825 42 1231 92 ΤΕΡΨΙΧΟΡΗ.
1765 49 1827 97 49

223 128 373 189 ἄστυ
398 132 534 187 πᾶν·
568 126 862 204 καιομένου
888 125 948 184 δὲ
971 127 1076 186 τοῦ
1100 121 1316 196 ἄστεος,
1353 127 1408 186 οἶ
1439 126 1617 187 Λυδοί
1642 154 1705 188 τε
1736 130 1831 189 καὶ

223 216 356 277 ὅσοι
399 214 671 292 Περσέων
721 217 930 290 ἐνῆσαν
971 220 1029 274 ἐν
1070 219 1143 292 τῇ
1183 212 1323 273 πόλι
1361 213 1830 292 ἀπολαμφθέντες

222 303 521 373 πάντοθεν,
551 301 696 363 ὥστε
720 302 793 362 τὰ
818 302 1166 383 περιέσχατα
1191 302 1495 379 νεμομένου
1518 307 1618 362 τοῦ
1639 304 1827 381 πυρός,

223 393 318 452 καὶ
359 391 465 451 οὐκ
505 392 726 470 ἔχοντες
760 389 1028 465 ἐξήλυσιν
1060 395 1121 450 ἐκ
1153 393 1253 450 τοῦ
1285 388 1501 460 ἄστεος,
1534 392 1830 468 συνέρρεον

225 482 279 544 ἔς
316 505 380 539 τε
409 480 518 555 τὴν
556 478 769 559 α’γορὴν
805 478 897 537 καὶ
939 477 1031 539 ἐπὶ
1064 477 1166 539 τᾶν
1207 477 1520 538 Πακτωλόν
1554 478 1827 556 ποταμόν·

225 566 286 631 ὅς
312 574 430 645 σφι
463 571 668 648 ψῆγμα
700 570 919 646 χρυσοῦ
950 567 1311 644 καταφορέων
1351 572 1412 626 ἐκ
1449 570 1551 626 τοῦ
1590 567 1828 645 Τμώλου

227 655 317 715 δια
338 656 524 733 μέσης
547 659 649 730 τῆς
673 653 884 738 οἷγορῆς
906 655 1035 731 ῥέει,
1065 656 1156 714 καὶ
1192 656 1432 715 ἔπειτα’
1405 681 1460 719 ες
1483 655 1584 715 τὸν
1611 655 1830 735 Ἕρμον

226 743 485 822 ποταμόν
542 742 761 811 ἐκδιδοῖ,
809 769 841 802 ο
892 743 951 802 δὲ
996 747 1053 805 ἐς
1098 742 1420 803 θάλασσαν·
1490 744 1580 802 ἐπὶ
1630 749 1831 805 τοῦτον

229 829 297 906 δὴ
323 830 426 891 τόν
451 829 768 890 Πάκτωλόν
795 830 886 889 καὶ
913 835 969 892 ἐς
991 830 1097 906 τήν
1121 829 1332 912 α’γορήν
1367 829 1755 909 οἷθροιζόμενοί
1775 835 1829 893 οἱ

227 944 290 978 τε
313 919 493 979 Λυδοὶ
519 919 612 978 καὶ
646 922 700 978 οἱ
737 918 976 994 Πέρσαι,
1002 917 1380 1000 ἠναγκάζοπο
1405 918 1733 996 οἷμύνεσθαν
1776 923 1838 981 οἱ.

230 1006 287 1065 δὲ
301 1007 507 1077 Ἴωνες,
533 1005 781 1083 ὁρέοντες
817 1005 948 1068 τούς
977 1008 1084 1082 μὲν
1111 1005 1485 1084 ἀμυνομένους
1517 1012 1629 1068 τῶν
1662 1012 1828 1068 πολε-

229 1094 369 1170 μίων
405 1093 538 1158 τούς
579 1094 638 1153 δὲ
677 1094 785 1154 συν
822 1092 1032 1169 πλήθεϊ
1078 1099 1279 1173 πολλῷ
1319 1097 1828 1172 προσφερομένους,

164 1207 171 1212 ·
231 1181 658 1261 ἐξανεχώρησαν
689 1182 970 1264 δείσαντες
1005 1181 1147 1262 πρὸς
1170 1182 1237 1241 τό
1266 1181 1442 1258 οὖρος,
1468 1181 1568 1242 τὸν
1592 1187 1832 1258 Τμῶλον

232 1269 593 1382 καλεόμενον·
641 1271 891 1331 ἐνθεῦτεν
931 1269 992 1328 δὲ
1027 1268 1140 1330 §vd
1180 1268 1351 1329 νύκτα
1379 1269 1829 1331 ἀπαλλάσσοντο

232 1358 321 1417 ἐπὶ
345 1381 449 1420 τας
473 1358 618 1422 νέας-

312 1444 433 1505 Ka).
468 1445 669 1521 Σάρδις
691 1447 796 1523 μὲν
820 1394 1267 1523 ἐνεπρήσθησαν,
1296 1450 1357 1522 ἐν
1379 1447 1439 1506 δὲ
1466 1445 1670 1525 αὐτῇσι
1697 1474 1788 1507 και
1767 1447 1923 1508 102

236 1533 353 1610 ἶρόν
395 1534 713 1613 ἐπιχωρίης
729 1535 863 1594 θεοῦ
901 1534 1206 1611 Κυβήβης
1251 1534 1319 1595 τὰ
1357 1535 1736 1612 σκηπτόμενοι
1776 1563 1829 1596 οι

234 1622 474 1698 Πέρσαι,
521 1620 758 1698 ὕστερον
803 1621 1325 1700 ἀντενεπίμπρασαν
1366 1622 1438 1682 τοῖ
1486 1627 1544 1682 ἐν
1574 1622 1830 1699 Ἕλλησι

236 1709 343 1786 ἱροί·
383 1709 515 1769 τότε
550 1709 611 1768 δὲ
657 1712 715 1768 οἱ
753 1712 977 1786 Πέρσαι
1024 1714 1078 1769 οἱ
1125 1710 1277 1772 ἐντὸς
1306 1710 1518 1773 Ἀλυος
1570 1714 1829 1787 ποταμοῦ

234 1796 436 1873 νομούς
454 1798 690 1876 ἔχοντες,
715 1796 1229 1874 προπυνθανόμενοι
1251 1801 1442 1866 ταῦτα,
1465 1798 1830 1873 συνηλίζοπο

237 1885 324 1943 καὶ
351 1884 627 1961 ἐβοήθεον
649 1890 802 1945 τοῖσι
827 1885 1084 1944 Λυδοῖσι.
1145 1885 1242 1942 καί
1257 1909 1361 1946 κως
1387 1889 1445 1942 ἐν
1469 1886 1573 1960 μὲν
1593 1884 1830 1961 Σάρδισι

237 1972 417 2033 οὐκέτι
457 1971 646 2037 ἐόντας
682 1971 811 2036 τούς
839 1973 1034 2035 Ἴωνας
1077 1972 1414 2049 εὑρίσκουσι,
1472 1970 1730 2049 ἑπόμενοι
1771 1973 1830 2032 δὲ

236 2061 376 2120 κατὰ
409 2062 633 2138 στίβον,
662 2062 913 2138 αἱρέουσι
948 2060 1147 2123 αὐτοῦς
1183 2066 1241 2119 ἐν
1266 2059 1512 2140 Ἐφέσῳ·
1556 2061 1647 2119 καὶ
1678 2060 1829 2121 οἷντε-

235 2141 529 2221 τάχθησαν
567 2145 672 2223 μὲν
711 2147 764 2201 οἱ
797 2142 997 2211 Ἴωνες,
1047 2141 1444 2218 συμβαλόντες
1497 2142 1557 2201 δὲ
1607 2143 1830 2202 πολλὰν

236 2230 594 2306 ἑσσώθησαν·
624 2231 715 2289 καὶ
734 2230 986 2292 πολλοὺς
1011 2230 1191 2289 αὐτῶν
1212 2233 1265 2288 οἱ
1282 2230 1505 2307 Πέρσαι
1526 2231 1829 2307 φονεύουσι

234 2318 444 2382 ἄλλους
472 2345 536 2378 τε
563 2341 908 2394 ονομαστους
937 2324 994 2377 ἐν
1019 2318 1078 2376 δὲ
1105 2318 1173 2393 δή
1203 2318 1293 2376 καὶ
1318 2317 1634 2377 Ευαλκίδεα
1658 2343 1828 2395 στρα-

232 2408 504 2488 τηγέοντα
526 2406 861 2484 Ἐρετριέων,
885 2404 1350 2483 στεφανηφόρους
1374 2431 1437 2465 τε
1462 2405 1677 2487 ἀγῶνας
1701 2431 1828 2465 ανα-

231 2494 535 2572 ραιρηκότα
562 2495 653 2553 καὶ
672 2494 781 2554 υπό
811 2494 1121 2570 Σιμωνίδεω
1144 2497 1245 2553 τοῦ
1267 2493 1448 2570 Κηίου
1472 2492 1665 2553 πολλα
1691 2497 1831 2552 αἰνε-

233 2582 417 2642 θέντα.
502 2609 557 2642 οι
581 2582 641 2641 δὲ
667 2581 846 2641 αὐτῶν
881 2581 1174 2661 οἷπέφυγον
1198 2607 1305 2657 την
1328 2578 1534 2659 μάχην,
1564 2579 1830 2641 ἐσκεδασ-

230 2668 416 2745 θησαν
440 2668 551 2731 ἄνσῖ
572 2669 674 2732 τοὶς
697 2668 922 2732 πόλιας.

292 2756 437 2820 Τότε
453 2760 560 2835 μὲν
578 2757 647 2833 δή
676 2756 816 2816 οὕτω
839 2755 1207 2837 ἠγωνίσαντο·
1238 2755 1382 2832 μετὰ
1401 2755 1476 2825 δὲ,
1500 2755 1788 2833 Ἀθηναῖοι
1809 2758 1923 2816 103

227 2846 331 2921 μὲν
344 2845 412 2906 τὰ
427 2870 695 2923 παραπαν
713 2843 1086 2907 ἀπολιπόντες
1098 2869 1226 2906 τους
1240 2841 1451 2918 Ιωνας,
1474 2846 1829 2917 ἐπικαλεομέ-

227 2958 325 2992 νου
371 2932 562 3009 σφέας
603 2932 798 2991 πολλὰ
841 2931 908 2990 δι’
951 2929 1206 3012 ἀγγέλων
1246 2929 1675 3010 Ἀρισταγόρεω,
1730 2952 1829 2984 ουκ

231 3021 456 3096 ἔφασαν
481 3018 819 3097 τιμωρήσειν
844 3019 1039 3094 σφίσι.
1112 3017 1297 3079 Ἴωνες
1316 3016 1375 3073 δὲ
1399 3018 1502 3088 τῆς
1525 3010 1831 3085 Ἀθηναιων

231 3109 562 3187 συμμαχίης
600 3107 974 3182 στερηθέντες,
1002 3103 1168 3183 (οὕτω
1204 3102 1313 3181 γάρ
1352 3105 1464 3171 σφι
1496 3118 1711 3202 υπηρχε
1736 3119 1829 3151 πε-

230 3194 511 3271 ποιημένα
562 3199 617 3257 ἐς
668 3193 948 3270 Δαρεῖον,)
995 3190 1152 3250 οὐδὲν
1193 3187 1261 3260 δὴ
1305 3184 1496 3259 ἧσσον
1538 3180 1639 3238 τόν
1688 3176 1831 3251 πρὸς

1969 2867 2030 2920 θ
