2100 3409
162 4 406 88 κατὰ]
810 0 1134 71 mmm.
1696 25 1789 76 237

169 107 384 185 κρίτου
418 100 789 174 σπεύσαντος,
829 100 1028 178 ἀνδρὸς
1069 106 1179 162 τῶν
1208 101 1397 163 οἰστῶν
1434 101 1664 180 δοκίμου
1700 103 1796 162 καὶ

167 193 317 255 τότε
364 191 845 271 τριηραρχέοντος.
927 190 1135 261 Νάξιοι
1181 189 1245 249 δέ
1285 194 1397 250 εἰσι
1437 187 1638 263 Ἴωνες,
1695 189 1793 249 ἀπ’

168 281 468 357 Ἀθηνέων
505 279 816 361 γεγονότες.
897 280 1132 356 Στυρέες
1171 279 1232 338 δὲ
1265 277 1366 341 τοῖς
1395 276 1566 340 αὐτὰς
1603 276 1791 354 παρεί-

170 395 362 450 χοντο
394 372 531 445 νῆας
560 367 661 433 τοῖς
686 367 778 426 καὶ
805 365 888 425 ἐπ’
914 365 1269 445 Ἀρτεμισίῳ,
1299 364 1535 426 Κύθνιοι
1569 365 1631 425 δὲ
1659 366 1795 442 μίαν

172 458 281 516 καὶ
300 455 754 531 πεντηκόντερον·
789 454 969 517 ἐόντες
989 452 1409 531 συναμφότεροι
1435 450 1589 513 οὗτοι
1615 452 1795 530 Δρύο-

175 569 308 607 πες·
353 544 448 603 καὶ
475 543 736 621 Σερίφιοί
757 568 818 602 τε
847 543 940 602 καὶ
967 543 1193 618 Σίφνιοι
1222 542 1314 601 καὶ
1341 540 1560 617 Μήλιοι
1597 546 1795 618 ἐστρα-

174 631 436 692 τεύοντο·
479 628 634 689 οὗτοι
658 629 769 709 γὰρ
798 629 897 689 οὐκ
925 629 1129 689 ἔδοσαν
1151 633 1348 705 μοῦνοι
1382 630 1694 705 νησιωτέων
1718 632 1797 708 τῷ

179 717 473 797 βαρβάρῳ
499 721 607 798 γῆν
632 744 693 776 τε
721 718 813 776 καὶ
839 717 1000 793 ὕδωρ.
1060 713 1236 776 Οὗτοι
1252 719 1358 792 μὲν
1378 716 1616 782 ἅπαντες
1642 717 1795 781 ἐντὸς
1810 716 1888 780 47

179 806 489 885 οἷκημένοι,
513 808 864 880 Θεσπρωτῶν
910 804 1003 864 καὶ
1040 803 1370 881 Ἀχέροντος
1409 809 1667 883 ποταμοῦ
1703 812 1795 865 ἐσ-

180 892 540 971 τρατεύοντο·
592 892 922 969 Θεσπρωτοὶ
960 890 1071 972 γάρ
1113 895 1223 952 εἶσι
1261 891 1622 971 ὁμουρέοντες
1659 894 1794 970 Ἀμ-

182 980 542 1058 πρακιῶτῃσι
574 980 665 1038 καὶ
702 979 1062 1039 Λευκαδίοισι
1089 979 1143 1039 οἳ
1169 980 1231 1049 ἐξ
1263 981 1544 1060 ἐσχατέων
1574 983 1796 1061 χωρέων

184 1068 610 1145 ἐστρατεύοντο.
665 1072 776 1127 τῶν
803 1067 862 1126 δὲ
883 1066 1039 1129 ἐκτός
1064 1067 1273 1128 τούτων
1301 1071 1617 1145 οἰκημένων,
1647 1076 1793 1146 Κρο-

183 1159 452 1230 τωνιῆται
480 1158 679 1231 μοῦνοι
710 1153 859 1229 ἦσαν
895 1153 951 1217 ,οἳ
986 1153 1290 1229 ἐβῶθησαν
1321 1160 1394 1233 τῇ
1420 1155 1658 1214 Ἑλλάδι
1686 1181 1796 1215 κιν-

185 1241 512 1320 δυνευούσῃ,
543 1242 632 1316 νηῒ
660 1245 780 1319 μιῇ,
815 1243 917 1316 τῆς
951 1239 1094 1319 ἦρχε
1128 1240 1270 1316 ἀνὴρ
1303 1243 1422 1319 τρὶς
1460 1243 1795 1319 πυθιονίκης,

186 1328 475 1392 Φάῦλλος.
546 1332 926 1406 Κροτωνιῆται
967 1328 1028 1387 δὲ
1066 1329 1225 1409 γένος
1273 1330 1385 1389 εἶσὶ
1427 1329 1667 1408 Ἀχαιοί.
1723 1334 1797 1390 Οἱ
1812 1332 1892 1391 48

185 1417 298 1493 μέν
337 1442 434 1476 νυν
474 1414 645 1475 ἄλλοι
674 1414 930 1493 τριήρεας
962 1416 1338 1495 παρεχόμενοι
1379 1417 1794 1496 ἐστρατεύοντο,

189 1504 416 1579 Μήλιοι
435 1504 511 1572 δὲ,
533 1504 626 1562 καὶ
647 1503 888 1579 Σίφνιοι,
910 1504 1004 1562 καὶ
1022 1505 1296 1580 Σερίφιοι,
1313 1506 1795 1585 πεντηκοντέρους·

192 1590 416 1666 Μήλιοι
464 1592 586 1668 μὲν,
628 1590 786 1670 γένος
824 1590 1006 1654 ἐόντες
1045 1590 1159 1651 dm?
1214 1594 1643 1670 Λακεδαίμονος,
1699 1595 1797 1654 δύο

188 1679 549 1756 παρείχοντο·
604 1679 828 1788 Σίφνιοι
865 1678 923 1736 δὲ
959 1678 1053 1737 καὶ
1088 1678 1359 1755 Σερίφιοι,
1391 1678 1578 1743 Ἴωνες
1618 1680 1799 1744 ἐόντες

190 1764 291 1825 ἀπ’
317 1764 610 1841 Ἀθηνέων,
636 1767 772 1841 μίαν
804 1765 1069 1843 ἑκάτεροι.
1143 1764 1377 1842 ἀριθμος
1416 1767 1477 1825 δέ
1517 1768 1733 1847 ἐγένετο
1763 1795 1796 1826 ο

192 1857 308 1917 πᾶς
333 1856 444 1912 τῶν
471 1857 621 1923 νεῶν,
650 1852 829 1930 πάρεξ
857 1856 968 1913 τῶν
996 1853 1455 1929 πεντηκοντέρων,
1481 1853 1798 1931 τριηκόσιαι

194 1966 291 2000 και
269 1940 700 2017 ἐβδομήκοντα
727 1942 820 2000 καὶ
844 1941 1006 2001 ὀκτώ.

278 2026 378 2092 Ὡς
408 2028 469 2088 δὲ
501 2034 556 2093 ἐς
588 2029 692 2105 τήν
730 2029 1025 2107 Σαλαμῖνα
1069 2029 1355 2104 συνῆλθον
1396 2031 1451 2088 οἱ
1492 2029 1799 2109 στρατηγοὶ
1814 2030 1891 2090 49

195 2115 314 2177 α’,πδ
351 2119 462 2176 τῶν
494 2118 790 2193 εἰρημένων
822 2117 1052 2187 πολίων,
1081 2116 1469 2192 ἐβουλεύοντο,
1495 2117 1801 2195 προθέντος

195 2202 560 2281 Εὐρυβιάδεω
590 2203 816 2285 γνώμην
848 2203 1267 2279 ἀποφαίνεσθαι
1298 2204 1399 2265 τὸν
1427 2203 1798 2281 βουλόμενον,

195 2291 335 2352 ὅκου
354 2289 536 2350 δοκέοι
555 2289 988 2366 ἐπιτηδεότατον
1014 2291 1153 2351 εἶναι
1180 2292 1491 2371 ναυμαχίην
1509 2293 1801 2353 ποιέεσθαι

194 2383 309 2439 τῶν
349 2376 509 2437 αὐτοὶ
559 2381 779 2456 χωρέων
822 2380 1109 2461 ἐγκρατέες
1150 2381 1278 2440 εἶσί·
1333 2379 1372 2455 ἦ
1415 2379 1525 2460 γὰρ
1572 2378 1799 2455 Ἀττικὴ

195 2466 403 2542 ἀφεῖτο
421 2464 545 2541 ἤδη,
561 2469 671 2526 τῶν
690 2466 751 2525 δὲ
767 2468 1010 2528 λοιπέων
1028 2468 1158 2543 πέρι
1176 2467 1480 2543 προετίθεε·
1509 2470 1570 2525 αἱ
1585 2470 1802 2546 γνῶμαι

196 2554 259 2614 δὲ
308 2556 421 2613 τῶν
460 2552 759 2634 λεγόντωνἼ
784 2556 844 2612 αἱ
889 2557 1157 2613 πλεῖσται
1199 2552 1615 2623 συνεξέπιπτον,
1661 2553 1803 2631 πρὸς

195 2640 298 2701 τᾶν
321 2639 557 2718 Ἰσθμόν
589 2640 924 2705 πλώσαντας
964 2641 1296 2720 ναυμαχέειν
1325 2640 1436 2717 πρὸ
1474 2644 1578 2716 τῆς
1617 2645 1802 2702 Πελο-

197 2728 507 2804 ποννήσου·
577 2729 926 2809 ἐπιλέγοντες
976 2729 1075 2790 τόν
1128 2727 1305 2808 λόγον
1356 2727 1530 2803 τόνδε,
1595 2727 1683 2799 ὦς,
1734 2728 1803 2805 ἦν

197 2816 497 2893 νικηθέωσι
546 2819 620 2894 τῇ
671 2817 950 2896 ναυμαχίῃ
1004 2822 1064 2876 ἐν
1119 2816 1398 2891 Σαλαμῖνι
1447 2819 1552 2894 μὲν
1603 2816 1800 2885 ἐόντες,

197 2902 678 2980 πολιορκήσονται
714 2907 772 2962 ἐν
812 2903 982 2982 νήσῳ,
1018 2903 1107 2963 ἵνα
1150 2908 1262 2977 σφι
1299 2905 1535 2982 τιμωρίη
1576 2902 1804 2977 οὐδεμία

199 2989 632 3066 ἐπιφανήσεται·
685 2988 828 3067 πρὸς
865 2991 926 3049 δὲ
963 2993 1041 3068 τῷ
1074 2988 1303 3067 Ἰσθμῷ,
1339 2994 1396 3053 ἐς
1427 2990 1557 3052 τούς
1593 2991 1804 3047 ἑωυτῶν

200 3078 537 3147 ἐξοίσονται.

267 3167 461 3224 Ταῦτα
493 3167 605 3225 τῶν
640 3162 755 3224 ἀπὸ
791 3162 1238 3239 Πελοποννήσου
1267 3163 1597 3241 στρατηγῶν
1623 3162 1804 3218 ἐπιλε-
1822 3164 1900 3221 50

217 3248 417 3297 ῙῘ.-Ῑ9
