2100 3409
320 54 384 102 9ο
944 46 1315 96 ἭΡοΔοΤοΤ
1401 73 1404 74 ⁷
1804 43 1928 108 [Vl.

319 128 712 207 ἀναλαβόντας
754 126 829 190 τὰ
875 126 1030 189 ὅπλα
1073 126 1299 205 χωρέειν
1347 127 1403 188 ἐς
1446 121 1577 187 τοῦς
1614 120 1925 204 Ἀργείους.

282 248 288 252 ·
320 222 498 279 ταῦτα
538 217 631 277 καὶ
670 211 880 298 ἐγίνετο
913 214 1174 275 ἐπιτελέα
1207 218 1269 273 ἐκ
1298 216 1408 273 τῶν
1444 211 1925 287 Λακεδαιμονίων.

322 305 555 383 α”ριστον
595 304 706 385 γὰρ
749 303 1129 379 ποιευμένοισι
1169 304 1325 360 τοῖσι
1363 300 1676 380 Ἀργείοισι
1722 304 1784 359 ἐκ
1825 307 1927 361 τοῦ

324 392 672 472 κηρύγματος
713 391 992 449 ἐπεκέατο·
1042 390 1134 447 καὶ
1174 386 1427 451 πολλοῦς
1462 390 1568 465 μὲν
1608 386 1926 462 ἐφόνευσαν

324 482 516 548 αὐτῶν,
545 482 744 556 πολλῷ
769 476 815 536 δ’
844 479 925 537 ἔτι
943 481 1187 539 πλεῦνας
1214 482 1268 539 ἐς
1293 474 1359 536 τὰ
1381 475 1563 538 ἄλσος
1586 479 1689 535 τοῦ
1708 474 1924 556 Ἄργου

227 566 299 627 79
325 565 745 646 καταφυγόντας
784 564 1153 641 περιῖζόμενοι
1197 562 1552 639 ἐφύλασσον.
1632 561 1926 623 Ἐνθεῦτεν

323 654 380 711 δὲ
407 652 438 713 ὁ
461 653 786 729 Κλεομένης
812 653 991 712 ἐποίεε
1015 651 1249 712 τοιόνδε·
1292 652 1431 729 ἔχων
1457 648 1808 726 αὐτομόλους
1833 649 1924 710 ἅν-

325 741 458 815 δρας
511 732 603 799 καὶ
644 735 1057 816 πυνθανόμενος
1106 738 1331 808 τούτων,
1388 737 1643 808 ἐξεκάλεε
1689 739 1925 815 πέμπων

324 827 535 904 κήρυκα
582 827 859 905 ὀνομαστὶ
899 828 1080 908 λέγων
1124 830 1237 886 τῶν
1276 826 1541 907 Ἀργείων
1586 825 1717 889 τοῦς
1752 831 1813 885 ἐν
1847 832 1925 905 τῷ

321 917 418 994 ἱρῷ
449 915 843 995 ἀπεργμένους·
899 914 1155 983 ἐξεκάλεε
1185 915 1260 985 δὲ,
1296 913 1409 989 φᾶς
1449 913 1629 974 αὐτῶν
1665 915 1813 992 ἔχειν
1850 916 1923 974 τοὶ

321 1020 542 1062 αποινα·
585 1000 787 1061 ἅποινα
819 1002 881 1061 δέ
910 1007 1031 1061 ἐστι
1067 1003 1584 1077 Πελοποννησίοισι
1621 1001 1719 1060 δύο
1757 1004 1922 1078 μνέαι

320 1090 651 1171 τεταγμέναι
700 1088 817 1149 κατ’
859 1089 1034 1167 ἄνδρα
1077 1094 1136 1149 αἶ
1239 1090 1254 1110 ’
1294 1115 1434 1149 ωτον
1476 1091 1723 1149 ἐκτίνειν·
1779 1091 1921 1151 κατοὶ

319 1176 662 1253 πεντήκοντα
702 1177 770 1252 δή
812 1178 888 1237 ὧν
925 1182 1035 1237 τῶν
1080 1176 1361 1257 Ἀργείων,
1403 1176 1475 1240 ὥς
1526 1176 1796 1240 ἑκάστους
1836 1185 1919 1237 ἐκ·
1969 1213 1984 1230 ι

322 1264 671 1342 καλεύμενοῆ
729 1265 761 1324 ὁ
816 1265 1141 1341 Κλεομένης
1195 1266 1413 1324 ἔκτεινε·
1472 1269 1649 1324 ταῦτα
1702 1264 1766 1324 δέ
1818 1294 1922 1329 κως

315 1350 582 1432 γινόμενα
614 1351 879 1427 ἐλελήθεε
909 1352 1038 1415 τοῦς
1071 1352 1305 1415 λοιποῦς
1336 1351 1465 1415 τοῦς
1496 1356 1555 1412 ἐν
1584 1356 1661 1429 τῷ
1684 1354 1918 1429 τεμένεϊ·

317 1437 415 1497 ἅτε
455 1438 565 1518 γὰρ
605 1443 818 1497 πυκνοῦ
858 1438 1043 1502 ἐόντος
1086 1441 1187 1499 τοῦ
1231 1438 1455 1509 ἄλσεος,
1503 1438 1603 1498 οῦκ
1659 1438 1812 1513 ὥρων
1864 1446 1921 1502 οἶ

322 1524 476 1588 ἐντ’δς
494 1526 623 1589 τοῦς
642 1525 802 1590 ε’κτός
820 1525 859 1585 ὅ
883 1553 938 1586 τι
966 1528 1271 1603 ἔπρησσον,
1292 1528 1423 1603 πρίν
1449 1551 1515 1608 γε
1535 1527 1603 1601 δὴ
1631 1528 1812 1588 αὐτῶν
1835 1555 1919 1591 τις

322 1612 541 1689 ἀναβὰς
568 1614 660 1672 ἐπὶ
686 1614 905 1692 δένδρος
932 1615 1147 1674 κατεῖδε
1171 1613 1608 1692 τὸ,ποιεύμενον·
1651 1613 1829 1675 οὔκων
1848 1616 1919 1691 δή

227 1708 304 1764 80
319 1702 400 1759 ἔτι
433 1701 762 1778 καλεόμενοι
796 1702 1049 1781 ἐξῄεσαν.
1132 1701 1409 1761 Ἐνθαῦτα
1436 1701 1503 1777 δὴ
1531 1701 1563 1762 o‘
1592 1704 1920 1778 Κλεομένης

323 1789 541 1848 ἐκέλευε
581 1790 763 1849 πάντα
802 1790 926 1850 τινὰ
965 1793 1077 1849 τῶν
1108 1789 1373 1849 εἱλωτέων
1404 1790 1671 1865 περινέειν
1701 1788 1811 1867 ὕλῃ
1849 1790 1918 1850 τό

315 1875 513 1941 ἄλσος·
555 1882 665 1938 τῶν
692 1878 752 1937 δὲ
779 1878 1135 1954 πειθομένων,
1165 1876 1435 1953 ἐνέπρησε
1452 1875 1519 1936 τό
1539 1874 1738 1940 ἄλσος·
1768 1903 1916 1936 καιο-

314 1965 484 2039 μένου
509 1965 568 2023 δὲ
593 1965 715 2040 ἤδη,
746 1967 991 2041 ἐπείρετο
1016 1968 1127 2024 τῶν
1151 1990 1275 2024 τινα
1296 1963 1637 2040 αὐτομόλων,
1657 1965 1807 2028 τίνος
1830 1968 1916 2043 εἴη’

318 2051 455 2110 θεῶν
494 2050 560 2110 τὰ
601 2050 814 2119 ‹ssa-093
866 2051 897 2110 ὁ
945 2052 1004 2111 δὲ
1050 2052 1161 2128 ἔφη
1199 2050 1412 2132 Ἀργου
1454 2051 1609 2110 εἶναι·
1659 2051 1692 2111 ὁ
1740 2052 1800 2111 δὲ
1844 2054 1919 2117 ὦς

313 2136 537 2211 ἤκουσε,
566 2136 940 2207 ἀναστενάξας
969 2140 1119 2219 μέγα
1161 2138 1297 2208 εἶπε·
1341 2149 1377 2174 “
1394 2138 1435 2197 ὦ
1458 2138 1755 2199 Ἄπολλον
1779 2167 1917 2219 χρη-

315 2224 528 2304 στήριε,
577 2223 613 2300 ἦ
661 2225 919 2306 μεγάλως
963 2251 1036 2302 με
1084 2225 1372 2302 ἠπάτηκας
1420 2226 1668 2303 φάμενος
1704 2226 1917 2308 Ἀργος

317 2310 588 2388 αἱρήσειν·
639 2311 1057 2388 συμβάλλομαι
1097 2312 1142 2372 δ’·
1186 2313 1396 2389 ἐξήκειν
1435 2340 1535 2390 μοι
1572 2313 1639 2373 τό
1665 2316 1915 2393 χρηστή-

219 2400 292 2458 81
314 2397 487 2476 ριον.”
570 2399 734 2458 Mero?
774 2399 832 2458 δὲ
871 2404 1064 2469 ταῦτα,
1094 2399 1126 2460 ὁ
1155 2402 1480 2478 Κλεομένης
1503 2400 1607 2476 τὴν
1630 2404 1734 2477 μὲν
1758 2404 1915 2462 πλέω

316 2486 587 2563 στρατιὴν
640 2485 819 2563 α’,πῆκε
867 2487 1086 2547 οἷπιέναι
1142 2493 1197 2550 ἐς
1245 2488 1527 2565 Σπάρτην·
1581 2489 1801 2567 χιλίους
1854 2490 1916 2548 δὲ

315 2572 480 2637 αὐτὸς
522 2574 720 2650 λαβῶν
757 2575 888 2638 τοῦς
925 2575 1187 2652 ἀριστέας
1223 2574 1310 2650 ἤϊε
1348 2580 1403 2639 ἐς
1436 2575 1504 2635 *ro*
1544 2574 1780 2651 Ἡραῖον
1820 2577 1914 2636 θύ-

312 2685 446 2719 σων·
499 2661 854 2737 βουλόμενον
901 2662 960 2721 δὲ
1007 2661 1176 2723 α’ὖτόν
1226 2661 1373 2722 θύειν
1420 2663 1512 2721 ἐπὶ
1562 2667 1664 2722 τοῦ
1711 2665 1915 2741 βωμοῦ

316 2747 347 2806 ὁ
379 2748 522 2824 ἱρεῦς
550 2747 878 2828 ἀπηγόρευε,
908 2748 1022 2824 φοὶς
1049 2749 1150 2808 οῦκ
1177 2749 1338 2810 ὅσιον
1370 2749 1508 2810 εἶναι
1535 2750 1691 2829 ξείνῳ
1718 2750 1915 2812 αὐτόθι

314 2833 479 2893 θύειν·
523 2834 555 2893 ὅ
597 2834 656 2893 δὲ
682 2837 1008 2913 Κλεομένης
1040 2836 1142 2896 τόν
1180 2838 1300 2913 ἱρέα
1336 2838 1556 2896 ἐκέλευε
1595 2838 1726 2902 τοῦς
1758 2838 1914 2898 εἵλω-

309 2926 409 2985 τας
453 2920 567 2981 ἀπὸ
613 2925 713 2980 τοῦ
759 2924 960 2999 βωμοῦ
1007 2923 1327 3004 ἀπάγοντας
1379 2928 1763 3005 μαστιγῶσαι·
1821 2928 1916 2984 καὶ

312 3008 478 3072 αὖτός
517 3009 699 3078 ἔθυσε,
726 3009 973 3083 ποιήσας
1013 3010 1075 3069 δὲ
1112 3016 1287 3070 ταῦτα
1320 3010 1488 3085 ἆπ-ήῖε
1516 3017 1569 3073 ἐς
1594 3011 1699 3086 τήν
1726 3013 1915 3089 Σπάρ-

217 3096 292 3152 82
310 3121 430 3171 την.
511 3094 898 3171 Νοστήσαντα
941 3098 1003 3155 δέ
1045 3124 1141 3173 μιν
1187 3098 1405 3177 ὑπῆγον
1455 3103 1505 3156 οἶ
1557 3100 1758 3176 ἐχθροὶ
1801 3100 1914 3159 ὖπὸ

206 3195 209 3198 “
308 3182 438 3246 τοῦς
465 3182 718 3261 ἐφόρους,
755 3184 1001 3259 φάμενοί
1018 3209 1117 3257 μιν
1148 3184 1609 3259 δωροδοκήσαντα
1647 3184 1752 3244 οῦκ
1794 3186 1915 3245 ἑλέ·
