2100 3409
172 34 203 80 4
777 28 1147 80 ἪΡοΔοτοτ
1680 32 1778 99 [V.

167 111 274 189 μέν
302 136 401 173 νυν
423 114 527 189 τῆς
549 111 736 193 χώρης
758 111 962 189 ταύτης
984 111 1115 189 πέρι
1138 110 1388 193 λέγεται·
1425 111 1501 174 τοὶ
1523 116 1781 192 παραθα-

169 198 394 260 λάσσια
433 199 482 261 δ’
522 199 596 262 ὧν
634 199 805 277 αὐτῆς
842 199 1190 282 Μεγάβαζος
1220 200 1490 278 Περσέων
1530 201 1782 279 κατήκοα

172 314 372 349 εποιεε.

76 376 147 437 11
253 380 492 455 Δαρεῖος
516 377 592 447 δὲ,
619 376 692 440 ὥς
717 375 922 452 διαβάς
945 376 1193 456 τάχιστα
1217 376 1317 437 τᾶν
1341 376 1784 454 Ἑλλήσποντον

170 463 400 525 άπίκετο
433 471 489 530 ἐς
525 464 744 543 Σάρδις,
776 464 1030 543 ἐμνήσθη
1067 470 1168 541 τῆς
1200 465 1263 535 ἐξ
1290 464 1561 525 Ἱστιαίου
1585 492 1649 527 τε
1672 471 1780 528 τοῦ

169 555 464 630 Μιλησίου
491 553 823 635 εὐεργεσίης,
852 554 945 613 καὶ
968 558 1070 628 τῆς
1086 554 1448 630 παραινέσιος
1470 557 1575 613 τοῦ
1598 560 1778 615 Μυτι-

168 642 404 717 ληναίου
424 641 614 702 Κώεω·
649 640 1155 720 μεταπεμψάμενος
1180 641 1244 700 δέ
1267 647 1452 716 σφεας
1478 646 1533 704 ἐς
1554 642 1777 720 Σάρδις,

169 729 350 788 ἐδίδου
395 728 619 790 αὐτοῖσι
663 730 901 807 αἵρεσιν.
981 728 1015 790 ὁ
1056 731 1162 807 μὲν
1216 727 1285 804 δή
1338 728 1621 800 Ἱστιαῖος,
1676 730 1778 791 ὅτε

164 816 506 895 τυραννεύων
548 821 651 895 τῆς
692 817 960 895 Μιλήτου
999 817 1321 894 τυραννίδος
1365 819 1470 893 μὲν
1516 815 1778 896 οὐδεμιῆς

166 905 539 985 προσέχρῃζε·
583 906 754 966 αἰτέει
785 905 845 965 δὲ
877 904 1169 982 Μύρκινον
1180 905 1287 981 τήν
1314 903 1609 975 Ἠδωνίδα,
1634 907 1777 982 βου-

167 992 406 1070 λόμενος
432 998 490 1054 ἐν
506 992 647 1073 αὕτη
672 992 844 1054 πόλιν
869 992 1079 1054 κτίσαι.
1162 990 1324 1056 οὗτος
1347 995 1451 1069 μὲν
1472 992 1541 1070 δὴ
1565 994 1778 1070 ταίγε-ην

167 1081 425 1158 αἱρέεται·
469 1081 501 1142 ὁ
522 1074 589 1141 ’δὲ
621 1082 802 1158 Κώης,
840 1080 933 1141 οἶά
955 1106 1018 1141 τε
1046 1079 1114 1141 οὗ
1136 1081 1406 1158 τύραννος
1435 1081 1680 1159 δημότης
1711 1108 1778 1143 τε

167 1167 287 1239 ἐῷν,
337 1170 505 1230 αἰτέει
556 1170 885 1246 Μυτιλήνης
928 1172 1317 1247 τυραννεῦσαι.
1396 1171 1779 1233 τελεωθέντων

165 1256 226 1317 δὲ
272 1255 666 1336 ἀμφοτέροισι,
709 1255 865 1320 οὗτοι
904 1259 1009 1335 μὲν
1050 1256 1195 1318 κατοὶ
1232 1256 1308 1319 τὰ
1353 1257 1573 1319 ‹Dum-o
1619 1259 1777 1336 ἐτρά-

165 1370 361 1406 ποντο.

70 1433 148 1493 12
247 1434 490 1510 Δαρεῖον
535 1432 596 1492 δὲ
641 1431 947 1510 συνήνεικε,
988 1437 1227 1514 πρῆγμα
1264 1432 1482 1494 τοιόνδε
1520 1433 1780 1511 ἰδόμενον

165 1521 513 1600 ἐπιθυμῆσαι
538 1521 895 1584 ἐντειλασθαι
921 1521 1268 1603 Μεγαβάζῳ,
1298 1523 1550 1586 Παίονας
1574 1522 1779 1584 ἑλόντα.

169 1606 570 1674 ἀνασπάστους
586 1614 826 1686 ποιῆσαι
853 1615 913 1671 ἐκ
938 1614 1041 1687 τῆς
1060 1609 1331 1688 Εὐρώπης
1356 1614 1413 1674 ἐς
1428 1609 1535 1686 τήν
1551 1609 1775 1689 Ἀσίην.

167 1695 239 1774 ἦν
279 1698 500 1780 Πίγρης
541 1698 635 1758 καὶ
673 1697 954 1776 Μαντύης,
996 1697 1189 1775 ἄνδρες
1228 1698 1487 1762 Παίονες·
1540 1699 1612 1770 οἳ,
1655 1701 1784 1760 ἐπεί

164 1811 228 1847 τε
282 1790 522 1864 Δαρεῖος
567 1787 734 1865 διέβη
774 1791 831 1851 ἐς
867 1785 973 1863 τήν
1008 1784 1232 1862 Ἀσίην,
1275 1786 1435 1847 αὐτοὶ
1487 1787 1780 1853 ἐθέλοντες

165 1873 426 1935 Παιόνων
471 1874 816 1953 τυραννεύειν
870 1873 1225 1936 ἀπικνέονται
1278 1879 1335 1938 ἐς
1385 1875 1602 1953 Σάρδις,
1655 1873 1778 1952 ἅμα

167 1961 434 2044 οἷγόμενοι
473 1962 760 2041 ἀδελφεὴν
797 1963 1058 2044 μεγάλην
1093 1989 1158 2023 τε
1193 1963 1289 2023 καὶ
1321 1962 1548 2022 εὐειδέα·
1592 1964 1777 2041 φυλά-

165 2050 359 2120 ξαντες
383 2051 444 2109 δὲ
469 2055 712 2128 Δαρεῖον
746 2049 1224 2127 προκατιζόμενον
1249 2054 1305 2112 ἐς
1329 2048 1396 2110 τὰ
1432 2050 1778 2127 προάστειον

76 2165 91 2180 ·
162 2136 233 2199 τδ
270 2131 382 2199 τοῖν
420 2137 633 2209 Λυδῶν,
668 2137 945 2214 ἐποίησαν
981 2138 1216 2199 τοιόνδε·
1258 2138 1635 2203 σκευάσαντες
1667 2142 1779 2216 τήν

167 2224 452 2304 ἀδελφεὴν
490 2225 562 2290 ὥς
599 2225 753 2305 εἶχον
778 2225 1004 2304 ἄριστα,
1031 2226 1118 2286 ἐπ’
1142 2226 1287 2304 ὕδωρ
1324 2227 1572 2304 ἔπεμπον
1597 2226 1778 2310 ἄγγος

165 2313 258 2374 ἐπὶ
283 2318 356 2394 τῇ
384 2318 611 2394 κεφαλῇ
647 2315 891 2394 ἔχουσαν
928 2315 1021 2374 καὶ
1047 2320 1109 2375 ἐκ
1133 2319 1237 2376 τοῦ
1260 2316 1572 2395 βραχίονος
1599 2316 1777 2377 ἵππον

164 2403 516 2463 ἐπέλκουσαν
554 2401 647 2462 καὶ
684 2402 1019 2464 κλώθουσαν
1044 2406 1225 2464 λῖνον·
1267 2402 1340 2466 ὦς
1364 2403 1426 2463 δε
1444 2400 1776 2482 παρεξήῖε“
1734 2431 1776 2481 η

162 2488 320 2571 γυνὴ,
350 2493 609 2568 ἐπιμελες
626 2517 706 2571 τῳ
677 2491 992 2571 Δαρείῳ’
965 2491 1206 2572 εγένετο·
1234 2516 1365 2550 ουτε
1382 2517 1495 2573 γαρ
1515 2497 1776 2569 Περσικοὶ

162 2577 234 2655 ἦν
273 2604 400 2639 ουτε
437 2579 618 2639 Λύδια
655 2577 730 2640 τοὶ
767 2577 1069 2655 ποιεύμενα
1100 2583 1162 2638 ἐκ
1192 2581 1297 2654 τῆς
1330 2579 1606 2659 γυναικός,
1645 2605 1775 2640 ουτε

164 2692 309 2744 προς
340 2671 453 2728 τῶν
478 2672 539 2727 ἐκ
564 2670 667 2744 τῆς
688 2665 891 2743 Ἀσίης
925 2664 1202 2744 ουδαμων·
1245 2668 1508 2743 ἐπιμελὲς
1533 2666 1666 2727 δε’
1619 2693 1693 2731 ως
1718 2694 1776 2728 οι

164 2780 401 2834 εγενετο,
406 2780 519 2815 των
534 2753 859 2831 δορυφόρων
872 2753 1027 2818 τινας
1040 2755 1251 2831 πέμπει
1265 2754 1508 2816 ,κελεύων
1521 2755 1775 2831 φυλάξαι

165 2840 213 2900 ὅ
242 2867 300 2903 τι
327 2841 606 2921 χρήσεται
635 2846 713 2921 τῷ
742 2841 896 2921 ἵππῳ
930 2840 970 2916 ἦ
1000 2840 1163 2922 γυνή·
1206 2844 1262 2901 οἱ
1291 2844 1396 2919 μὲν
1429 2841 1499 2918 δὴ
1534 2841 1776 2906 ὄπισθεν

166 2928 407 3000 εἵποντο,
432 2928 471 3007 ἦ
502 2929 562 2989 δὲ
589 2929 713 2988 ἐπεί
731 2954 794 2989 τε
819 2928 1054 2989 ἀπίκετο
1090 2929 1182 2988 ἐπὶ
1206 2928 1307 2990 τὸν
1332 2930 1607 3006 ποταμὸν,
1627 2931 1775 3009 ἦρσε

163 3016 265 3077 τόν
317 3017 509 3078 ἵππον·
534 3081 541 3086 ,
570 3014 803 3094 ἄρσασα
853 3015 913 3076 δὲ
966 3016 1061 3075 καὶ
1104 3016 1172 3076 τὸ
1214 3015 1391 3097 ἄγγος
1427 3022 1531 3077 τοῦ
1572 3018 1777 3085 ὕδατος

166 3105 594 3185 ἐμπλησαμένη,
620 3103 725 3181 τήν
759 3102 934 3181 αὐτὴν
966 3103 1102 3164 ὄδόν
1126 3104 1393 3182 παρεξήῖε
1419 3108 1679 3184 φέρουσα
1704 3111 1773 3168 τὸ

163 3190 306 3269 ὕδωρ
347 3195 440 3253 ἐπὶ
478 3197 581 3269 τῆς
620 3195 875 3267 κεφαλῆς
906 3192 999 3251 καὶ
1036 3192 1357 3251 ἐπέλκουσα
1392 3197 1454 3251 ἐκ
1488 3198 1592 3254 τοῦ
1625 3195 1772 3273 βρα·
