2100 3409
276 57 340 107 12
886 51 1255 103 ‘HPOAowr
1786 53 1890 119 [v

273 134 560 213 ρημένους,
599 134 824 211 ἔφασαν
860 133 1040 193 αὐτῶν
1074 132 1396 210 βούλεσθαι
1431 129 1739 202 διεξελθεῖν
1777 134 1892 209 τήν

276 249 484 302 χωρην·
521 227 801 286 ποιεῦντες
827 221 888 282 δὲ
911 224 1104 292 ταῦτα,
1133 220 1226 280 καὶ
1251 217 1541 289 διεξιόντες
1563 223 1763 280 πᾶσαν
1777 222 1892 299 τήν

277 313 591 388 Μιλησίην,
619 310 758 374 ὅκως
790 310 916 371 τινὰ
951 310 1119 369 ἴδοιεν
1155 312 1213 369 ἐν
1248 308 1588 386 ἀνεστηκυίῃ
1619 312 1695 387 τῇ
1723 307 1889 389 χώρῃ

274 398 450 480 οἷγρόν
477 400 536 459 εὖ
570 398 992 480 ἐξεργασμένον,
1021 396 1421 479 ἅπεγραφέατο
1445 395 1512 456 vd
1540 394 1757 473 οὕνομα
1780 398 1889 459 τοῦ

275 487 559 548 δεσπότεω
597 491 699 548 τοῦ
740 487 936 568 ἀγροῦ·
981 483 1407 554 διεξελάσαντες
1444 484 1505 543 δὲ
1543 488 1741 545 πᾶσαν
1777 485 1888 561 τήν

274 574 463 654 χώρην
502 576 594 635 καὶ
634 575 907 649 σπανίους
947 573 1197 652 εὑρόντες
1233 572 1478 645 τούτους,
1520 571 1593 635 ὦς
1629 571 1887 651 τάχιστα

276 665 604 740 κατέβησαν
630 668 686 727 ἐς
708 661 776 724 τὰ
804 662 966 733 ἄστυ,
994 661 1163 738 οἷλίην
1188 660 1579 738 ποιησάμενοι,
1605 658 1886 730 ἀπέδεξαν

273 750 504 816 τούτους
533 755 638 829 μὲν
660 750 766 827 τὴν
790 750 962 812 πόλιν
986 751 1170 827 νέμειν
1194 753 1303 809 τῶν
1330 746 1489 824 εὗρον
1512 746 1644 811 τούς
1673 747 1887 828 ἀγρούς

276 837 336 897 εὖ
392 840 849 921 ἐξεργασμένους·
916 839 1126 899 δοκέειν
1176 837 1287 918 γὰρ
1343 838 1568 912 ἔφασαν
1621 836 1715 894 καὶ
1771 841 1886 895 τῶν

277 926 562 1005 δημοσίων
588 926 731 987 οὕτω
756 926 825 1003 δή
857 933 1043 1002 σφεας
1070 923 1520 1002 ἐπιμελήσεσθαι
1547 921 1741 1000 ὥσπερ
1772 928 1884 983 τῶν

275 1017 587 1092 σφετέρων·
641 1014 772 1078 τούς
824 1016 884 1074 δὲ
930 1013 1144 1077 ἅλλους
1195 1011 1519 1089 Μιλησίους
1569 1010 1703 1073 τούς
1747 1011 1885 1087 πρὶν

277 1103 688 1175 στασιάζοντας
711 1101 919 1162 τούτων
945 1102 1144 1170 ἔταξαν
1163 1100 1478 1161 πείθεσθαι.
1540 1097 1752 1175 Πάριοι
1775 1099 1885 1176 μέν

181 1190 258 1249 30
277 1215 374 1250 νυν
393 1190 538 1251 οὕτω
557 1192 881 1266 Μιλησίους
900 1188 1261 1266 κατήρτισαν.
1318 1186 1461 1247 Τότε
1482 1185 1541 1245 δὲ
1562 1189 1623 1244 ἐκ
1641 1187 1887 1247 τουτέων

274 1283 384 1337 τῶν
402 1280 616 1337 πολίων
637 1276 740 1337 ὦδε
764 1277 972 1355 ἤρχετο
999 1276 1143 1335 κακαὶΙ
1165 1275 1425 1357 γίνεσθαι
1450 1278 1521 1352 τῇ
1548 1272 1749 1352 Ἰωνίῃ.
1819 1280 1886 1334 ἐκ

275 1365 470 1435 Νάξου
513 1367 723 1445 ἔφυγον
762 1363 953 1440 ἄνδρες
991 1366 1105 1424 τῶν
1132 1363 1359 1443 παχέων
1387 1361 1499 1421 ύπό
1535 1365 1639 1421 τοῦ
1679 1361 1884 1439 δήμου·

275 1451 551 1532 φυγόντες
578 1451 638 1511 δὲ
662 1450 931 1512 ἀπίκοντο
959 1455 1014 1515 ἐς
1043 1453 1327 1527 Μίλητον.
1394 1453 1496 1525 τῆς
1521 1449 1581 1508 δὲ
1614 1450 1886 1525 Μιλήτου

277 1539 548 1620 ἐτύγχανε
564 1541 861 1615 ἐπίτροπος
877 1537 980 1599 ἐῶν
992 1538 1404 1618 Ἀρισταγόρης
1416 1536 1447 1597 ὁ
1467 1537 1882 1618 Μολπαγόρεω,

276 1626 538 1707 γαμβρός
556 1652 618 1688 τε
639 1626 742 1687 ἐών
758 1627 850 1685 καὶ
865 1625 1095 1704 ἀνεψιὸς
1111 1625 1383 1686 Ἱστιαίου
1401 1629 1501 1685 τοῦ
1517 1622 1883 1706 Λυσαγόρεω,

273 1714 377 1776 τᾶν
404 1715 436 1776 ὅ
466 1719 703 1794 Δαρεῖος
740 1721 797 1774 ἐν
832 1714 1111 1778 Σούσοισι
1139 1717 1379 1793 κατεῖχε·
1422 1712 1456 1772 ὅ
1480 1711 1592 1794 γὰρ
1617 1711 1885 1776 Ἱστιαῖος

273 1802 539 1882 τύραννος
557 1803 628 1881 ἦν
649 1802 930 1880 Μιλήτου,
949 1803 1041 1861 καὶ
1062 1801 1331 1884 ἐτύγχανε
1349 1804 1552 1861 τοῦτον
1565 1799 1664 1859 τᾶν
1677 1800 1886 1878 χρόνον

278 1890 382 1952 ε’ὢν
422 1898 503 1953 ἐν.
522 1893 796 1957 Σούσοισι
837 1891 932 1952 ὅτε
974 1894 1028 1950 οἶ
1070 1889 1277 1960 Νάξιοι
1308 1888 1505 1965 ἦλθον,
1544 1888 1713 1957 ξεῖνοι
1750 1888 1886 1963 πρὶν

277 1979 459 2043 ἐόντες
488 1985 565 2059 τῷ
594 1980 860 2057 Ἱστιαίῳ·
904 1977 1232 2055 ἀπικόμενοι
1268 1976 1328 2035 δὲ
1364 1979 1419 2035 οἱ
1454 1974 1662 2045 Νάξιοι
1693 1980 1749 2038 ἐς
1779 1976 1887 2051 τήν

277 2068 560 2143 Μίλητον,
589 2067 807 2125 ἐδέοντο
837 2069 940 2124 τοῦ
974 2063 1405 2145 Ἀρισταγόρεω,
1437 2064 1627 2126 εἷ’·κως
1657 2061 1883 2123 αὐτοῖσι

275 2152 566 2231 παράσχοι
588 2151 817 2229 δύναμίν
836 2178 977 2223 τινα,
997 2154 1091 2212 καὶ
1111 2152 1433 2212 κατέλθοιεν
1453 2156 1510 2214 ἐς
1527 2150 1634 2226 τήν
1653 2155 1883 2211 ἑωυτῶν·

276 2240 310 2300 ὁ
338 2241 398 2300 δὲ
424 2239 818 2316 ἐπιλεξάμενος
844 2239 916 2303 ὥς
938 2238 1007 2317 ἢν
1033 2239 1104 2299 δι’
1126 2244 1326 2300 ἑωυτοῦ
1353 2239 1670 2299 κατέλθωσι
1697 2243 1753 2301 ἐς
1777 2240 1886 2315 τήν

277 2327 449 2387 πόλιν
488 2325 642 2404 αρξει
679 2330 781 2402 τῆς
811 2327 1024 2398 Νάξου,
1060 2331 1274 2406 σκῆψιν
1314 2327 1375 2386 δὲ
1414 2351 1742 2403 ποιευμενος
1777 2326 1885 2403 τήν

278 2416 481 2491 ξεινίην
512 2415 617 2491 τήν
645 2415 930 2489 Ἱστιαίου,
966 2415 1129 2476 τόνδε
1169 2421 1282 2491 σφι
1321 2414 1498 2496 λόγον
1538 2414 1883 2492 προσέφερε·

278 2513 316 2538 “
330 2502 496 2567 αυτός
519 2506 623 2581 μὲν
640 2503 773 2581 υμῖν
793 2503 857 2563 ού
879 2501 1191 2613 φερέγγυός
1217 2506 1330 2579 εἰμι
1349 2501 1582 2579 δύναμιν
1600 2501 1886 2577 τοσαύτην

278 2596 610 2672 παρασχεῖν,
647 2592 793 2651 ὥστε
828 2589 1091 2672 κατάγειν
1120 2589 1394 2662 ἀεκόντων
1425 2594 1540 2650 τῶν
1569 2587 1675 2665 τὴν
1712 2589 1885 2650 πόλιν

280 2678 520 2757 ἐχόντων
570 2680 815 2749 Ναξίων·
876 2678 1229 2756 πυνθάνομαι
1286 2677 1398 2760 γὰρ
1452 2677 1887 2756 ὀκτακισχιλίην

278 2765 494 2825 ἆσπῶα
546 2767 817 2837 Ναξίοισι
868 2766 1026 2836 εἶναι,
1076 2766 1168 2826 καὶ
1212 2769 1391 2826 πλοῖα
1433 2764 1623 2843 μακριὶ
1667 2768 1883 2824 πολλα·

278 2854 685 2932 μηχανήσομαι
710 2855 769 2913 δε
788 2858 981 2915 πᾶσαν
1001 2854 1257 2930 σπουδήν
1275 2853 1621 2930 ποιεύμενος·
1656 2853 1885 2913 ἐπινοέω

280 2941 343 3000 δε
365 2941 517 3019 τῇδε·
556 2940 941 3019 Ἀρταφέρνης
969 2968 1071 3019 μοι
1098 2941 1364 3022 τυγχάνει
1396 2940 1500 3001 ἐων
1526 2941 1719 3016 φιλας·
1760 2940 1793 3001 ὁ
1826 2940 1887 3000 δὲ

278 3027 618 3089 Ὑστάσπεω
646 3029 752 3105 μέν
782 3033 905 3088 ἐστι
939 3028 1074 3093 πάϊς
1102 3028 1343 3106 Δαρείου
1379 3028 1441 3088 δὲ
1473 3032 1576 3089 τοῦ
1605 3028 1889 3105 βασιλέος

280 3115 576 3193 ἀδελφεος,
621 3119 734 3176 τῶν
780 3113 828 3174 δ’
871 3116 1298 3176 ἐπιθαλασσίων
1342 3141 1453 3177 των
1499 3120 1561 3176 ἐν
1605 3121 1679 3194 τῇ
1717 3115 1890 3194 Ἀσίῃ

281 3201 442 3282 ἄρχει
467 3203 704 3273 πάντων,
732 3203 872 3281 ἔχων
898 3204 1171 3280 στρατιήν
1195 3227 1257 3263 τε
1287 3202 1514 3279 πολλὴν
1543 3204 1637 3263 καὶ
1662 3203 1890 3267 πολλοῖς
