2100 3409
303 72 362 116 38
948 66 1315 117 ἮΡοΔοϊοϊ
1809 66 1910 131 [V.

302 145 427 206 οὔτε
479 150 528 206 εἰ
569 146 801 210 ἔσσονες
843 144 1355 227 συγγινωσκόμενοι
1397 145 1536 206 εἶναι
1575 149 1649 224 τῇ
1695 170 1911 223 ναυμα-

301 235 399 314 χίῃ
435 233 577 295 κατὰ
605 237 774 295 τοῦτο
816 232 984 304 εἶξαν,
1026 233 1154 293 οὔτε
1196 238 1244 292 εἰ
1280 231 1626 307 βουλόμενοι
1664 237 1915 308 ποιῆσαι

303 321 421 382 οἶόν
450 349 507 382 τι
546 322 639 381 καὶ
670 322 988 400 ἐποίησαν)
1033 320 1361 396 Ἀθηναίους
1394 322 1499 396 μέν
1540 347 1655 390 νυν,
1682 324 1810 382 ε’πεί
1850 324 1917 381 τέ

304 416 417 485 σφι
445 409 623 472 οὐδεὶς
648 414 704 472 ἐς
728 408 918 488 μάχην
945 410 1265 477 κατίστατο,
1296 406 1625 483 ἀποβάντας
1649 407 1764 467 <ivd
1796 414 1915 468 τῶν

307 501 442 558 νεῶν
471 497 788 574 τραπέσθαι
817 496 959 574 πρὸς
997 496 1070 556 τοὶ
1107 494 1426 576 ἀγάλματα·
1471 494 1535 554 οὖ
1573 495 1915 559 δυναιιένους

307 584 367 642 δὲ
402 584 735 644 ἀνασπάσαι
769 590 831 644 ἐκ
871 588 982 644 τῶν
1016 583 1249 660 βάθρων
1284 582 1441 652 αὐτοὶ,
1477 583 1621 642 οὕτω
1650 581 1724 658 δὴ
1755 610 1912 660 περι-

304 672 699 750 βαλλομένους
745 672 972 752 σχοινία
1027 672 1226 740 ἔλκειν,
1281 675 1337 733 ἐς
1390 669 1454 730 οὗ
1511 670 1786 747 ἑλκόμενα
1838 672 1916 730 τσῖ

305 756 607 839 ἀγάλματα
648 760 945 838 ἀμφότερα
984 758 1163 820 τῶυτὸ
1210 764 1467 834 ποιῆσαι·
1524 759 1650 835 ε’μοὶ
1694 760 1801 834 μὲν
1845 762 1915 822 οὖ

304 847 485 908 πιστὰ
525 849 800 930 λέγοντες,
828 847 987 928 ἄλλῳ
1024 849 1086 907 δέ
1119 874 1242 925 τεῳ·
1288 853 1341 909 ἐς
1365 846 1611 928 γούνατα
1641 845 1753 926 γάρ
1796 854 1915 923 σφι

305 934 446 993 αὐτοὶ
477 937 718 1005 πεσέειν,
746 936 840 995 καὶ
865 936 963 996 τόν
1001 935 1113 995 οἷπό
1150 935 1350 995 τούτου
1374 934 1578 1012 χρόνον
1604 933 1915 993 διατελέειν

308 1021 450 1081 οὕτω
502 1024 721 1102 ἔχοντα.
800 1022 1128 1099 Ἀθηναίους
1179 1026 1283 1100 μὲν
1336 1023 1403 1098 δή
1455 1025 1630 1081 ταῦτα
1681 1023 1914 1093 ποιέειν,

312 1110 498 1186 σφέας
523 1111 583 1170 δὲ
610 1115 906 1193 Αἰγινῆται
936 1112 1189 1192 λέγουσι,
1217 1110 1561 1186 πυθομένους
1585 1105 1914 1196 ζοῦς,Ἀθη-

311 1197 497 1262 ναίους
541 1197 610 1263 ὥς
650 1200 916 1276 μέλλοιεν
962 1200 1054 1257 ἐπὶ
1090 1201 1274 1274 σφέας
1314 1197 1740 1275 στρατεύεσθαι,
1772 1198 1915 1256 ἑτοί-

310 1309 451 1360 μους
488 1285 775 1368 Ἀργείους
819 1287 1130 1347 ποιέεσθαι·
1184 1286 1314 1352 τούς
1354 1312 1418 1345 τε
1463 1285 1531 1362 δὴ
1580 1285 1914 1361 Ἀθηναίους

307 1369 672 1449 ἀποβεβάναι
714 1379 769 1436 ἐς
809 1374 913 1449 τήν
946 1375 1252 1454 Αἰγιναίην,
1283 1375 1374 1433 καὶ
1412 1377 1668 1449 παρεῖναι
1702 1375 1913 1449 βοηθέ-

308 1457 472 1522 οντάς
498 1466 612 1536 σφι
637 1460 765 1524 τούς
790 1459 1094 1542 Ἀργείους·
1137 1462 1229 1520 καὶ
1254 1462 1449 1522 λαθεῖν
1475 1488 1536 1520 τε
1566 1462 1627 1531 ἐξ
1650 1460 1912 1520 Ἐπιδαύ-

307 1570 411 1621 ρου
457 1545 762 1624 διαβάντας
803 1552 859 1612 ε’ς
897 1549 1001 1624 τήν
1045 1554 1237 1625 νῆσον,
1284 1550 1377 1608 καὶ
1419 1548 1483 1608 οὐ
1525 1548 1912 1626 προακηκοόσι

307 1636 461 1694 τοῖσι
485 1632 838 1712 Ἀθηναίοισι
867 1637 1181 1696 ἐπιπεσέειν
1214 1636 1669 1712 ὑποταμομένους
1697 1635 1767 1696 τὸ
1799 1637 1911 1697 ‹in-<3

307 1724 419 1782 τῶν
446 1725 599 1784 νεῶν·
643 1723 760 1801 ἅμα
785 1749 847 1784 τε
874 1728 933 1785 ἐν
958 1724 1134 1804 τούτῳ
1159 1724 1263 1799 τὴν
1282 1723 1532 1801 βροντήν
1558 1750 1620 1783 τε
1644 1723 1913 1805 γενέσθαι

215 1810 289 1868 87
311 1810 403 1868 καὶ
425 1810 525 1872 τόν
552 1811 796 1889 σεισμόν
816 1811 1058 1873 αὐτοῖσι.
1140 1813 1378 1892 Λέγεται
1403 1812 1509 1889 μέν
1536 1837 1632 1871 νυν
1666 1810 1757 1869 ὑπ’
1784 1810 1913 1889 Ἀρ-

312 1897 476 2004 γείων
503 1925 566 1960 τε
602 1901 696 1959 καὶ
738 1902 1075 1981 Αἰγινητέων
1110 1899 1262 1960 τάδε·
1305 1898 1673 1979 ὁμολογέεται
1717 1899 1778 1958 δὲ
1821 1901 1913 1958 καὶ

308 1984 402 2044 υπ’
434 1984 827 2094 Ἀθηναῖων,“’
801 2013 896 2047 ενα
933 1991 1140 2064 μοῦνον
1183 2014 1282 2048 τον
1325 1987 1693 2047 αποσωθέντα
1734 1985 1916 2047 αυτῶν

315 2076 371 2134 ἐς
410 2073 514 2148 τὴν
556 2072 827 2148 Ἀττικην
869 2076 1154 2154 γενέσθαι·
1199 2075 1352 2151 πλην
1385 2073 1633 2156 Ἀργεῖοι
1674 2078 1780 2152 μὲν
1823 2077 1916 2135 λέ-

310 2184 496 2238 γουσι,
525 2157 706 2219 αὐτῶν
743 2186 810 2220 το
850 2159 1107 2221 Ἀττικον
1140 2162 1522 2239 στρατόπεδον
1562 2161 1915 2240 διαφθειραν-

313 2270 422 2305 των
461 2245 561 2306 τόν
597 2245 694 2305 ἕνα
729 2252 928 2308 τοῦτον
962 2251 1368 2330 περιγενέσθαι,
1396 2248 1685 2325 Ἀθηναῖοι
1718 2250 1779 2309 δὲ
1813 2256 1917 2311 τοῦ

314 2332 618 2409 δαιμονίου,
645 2336 1036 2415 περιγενέσθαι
1076 2337 1267 2413 μέντοι
1299 2337 1423 2396 οὐδὲ
1449 2342 1650 2398 τοῦτον
1673 2337 1774 2397 τὸν
1801 2338 1918 2409 ἕνα,

312 2415 443 2479 ἀλλ’
486 2419 808 2482 ἀπολέσθω.
858 2423 1046 2502 τρόπῳ
1099 2424 1309 2502 τοιῷδε·
1366 2424 1653 2501 κομισθεὶς
1705 2425 1819 2506 γοῖρ
1864 2431 1921 2490 ἐς

309 2507 412 2572 τὰς
436 2508 677 2585 Ἀθήνας
704 2510 1016 2592 ἀπήγγειλε
1046 2511 1114 2572 τὸ
1151 2510 1348 2575 πάθος·
1390 2512 1706 2589 πυθομένας
1732 2512 1793 2571 δὲ
1817 2513 1920 2577 τοὶς

315 2600 579 2676 γυναῖκας
618 2602 729 2659 τῶν
770 2598 853 2658 ἐπ’
881 2599 1117 2679 Αἴγιναν
1158 2601 1656 2677 στρατευσαμένων
1687 2599 1919 2677 ἀνδρῶν,

313 2683 489 2744 δεινόν
530 2711 586 2744 τι
634 2687 1018 2763 ποιησαμένας
1062 2690 1242 2748 κεῖνον
1288 2692 1494 2764 μοῦνον
1547 2688 1609 2757 ἐξ
1660 2686 1922 2747 ἁπάντων

316 2771 581 2846 σωθῆναι,
611 2774 774 2848 πέριξ
806 2773 906 2834 τόν
938 2773 1228 2851 ἄνθρωπον
1263 2764 1466 2835 τοῦτον
1498 2773 1800 2849 λαβούσας
1829 2776 1922 2833 καὶ

315 2857 611 2923 κεντεύσας
635 2864 771 2937 τῇσι
811 2861 1084 2939 περόνῃσι
1114 2867 1223 2921 τῶν
1252 2863 1496 2938 ἱματίων,
1528 2865 1757 2939 εἰρωτᾶν
1800 2861 1921 2922 ἐκοί-

320 2972 465 3023 στην
492 2945 698 3007 αὐτέων
725 2974 827 3038 οκη
855 2950 938 3024 εἴη
963 2975 994 3008 ο
1025 2953 1226 3024 ἑωυτῆς
1253 2948 1427 3027 ἅνήρ·
1413 2995 1429 3019 ,
1474 2976 1566 3009 και
1590 2953 1793 3011 τοῦτον
1818 2976 1924 3026 μεν

319 3061 458 3095 ουτω
506 3009 900 3112 διαφθαρῆναι·
949 3035 1301 3112 Ἀθηναίοισι
1340 3036 1471 3095 δε”
1442 3062 1522 3097 ετι
1564 3040 1666 3097 τοῦ
1713 3038 1925 3100 πάθεος
2035 3077 2091 3377 Ι

311 3122 623 3201 δεινότερόν
665 3149 722 3182 τι
762 3122 919 3192 δόξαι
964 3124 1104 3184 ειναι
1149 3150 1215 3183 το
1260 3150 1372 3184 των
1415 3150 1690 3205 γυναικων
1737 3151 1922 3205 εργον·

317 3209 475 3291 ἄλλῳ
509 3212 613 3287 μὲν
649 3210 719 3287 δή
759 3210 858 3271 οὐκ
896 3213 1040 3290 ἔχειν
1074 3211 1207 3290 ὅτεῳ
1245 3211 1570 3288 ζημιώσωσι
1605 3211 1707 3276 τὰς
1732 3217 1924 3295 γυναῖ-
