2100 3409
144 2 173 50 1
180 0 439 62 35—138]
776 0 1145 68 ΠΟΔΤΜΠῙᾼ.
1658 3 1753 55 173

140 78 381 156 Μήδων,
425 79 679 158 ἔπεμψαν
718 78 895 158 ήμέας
934 79 1365 157 Λακεδαιμόνιοι
1398 78 1522 143 ἀντὶ
1548 85 1659 144 τῶν
1695 88 1756 145 έν

144 166 389 245 Σπάρτῃ
415 166 781 244 ἀπολομένων
805 166 1069 246 κηρύκων,
1093 167 1293 245 ποινήν
1328 168 1552 229 ἐκείνων.
1568 170 1757 231 τίσον-

142 254 299 319 τας·”
357 255 596 336 λέγουσι
621 254 681 314 δὲ
705 254 928 317 αὐτοῖσι
951 260 1128 316 ταῦτα
1146 257 1357 334 Ξέρξης
1375 255 1486 316 ὑπὸ
1509 261 1754 337 μεγαλο-

144 341 443 424 φροσύνης
475 342 575 401 οὐκ
608 343 716 420 ἔφη
748 342 940 422 ὁμοῖος
973 343 1208 405 ἔσεσθαι
1241 344 1751 421 Λακεδαιμονίοισι·

145 431 363 494 κείνους
374 432 480 506 μὲν
494 430 605 511 γοὶρ
627 431 867 512 συγχέαι
880 430 953 491 τοὶ
970 430 1189 493 πάντων
1205 430 1506 510 ἀνθρώπων
1524 430 1751 510 νόμιμα,

145 517 582 580 ἀποκτείναντας
618 519 875 596 κήρυκας·
931 517 1099 583 αὐτὸς
1139 520 1200 579 δὲ
1216 570 1221 576 .
1238 520 1309 579 τὰ
1362 519 1592 580 κείνοισι
1639 524 1751 579 ἐπι·
1825 594 1832 598 .

144 604 412 681 πλήσσει
443 608 622 665 ταῦτα
642 604 707 666 οὗ
728 605 1004 681 ποιήσειν,
1034 605 1146 666 οὐδ’
1168 606 1593 669 ἀνταποκτείνας
1619 608 1752 680 ἐκείγ

145 719 293 763 νους,
328 691 642 753 απολύσειν
679 693 1147 771 Λακεδαιμονίους
1175 698 1275 771 τῆς
1310 693 1502 770 αἰτίης
1549 692 1708 754 Οὕτω
1731 691 1842 755 137

145 780 185 857 ἦ
226 780 561 858 Ταλθυβίου
602 784 780 858 μῆνις,
824 781 916 841 καὶ
956 784 1132 841 ταῦτα
1176 780 1526 858 ποιησάντων
1564 781 1749 860 Σπαρ-

145 868 397 943 τιητέων,
443 868 730 930 ἐπαύσατο
772 868 839 929 τὰ
891 869 1217 945 παραυτίκα,
1274 869 1470 947 καίπερ
1510 868 1751 929 α’πονοσ··

147 980 444 1031 τησαντων
491 960 547 1020 ές
594 955 857 1034 Σπάρτην
909 956 1191 1034 Σπερθίεώ
1241 982 1305 1018 τε
1349 956 1441 1016 καὶ
1493 955 1751 1020 Βούλιος·

146 1042 336 1122 χρόνῳ
388 1042 448 1103 δὲ
500 1043 796 1121 μετέπειτα
846 1047 1046 1122 πολλῷ
1101 1044 1394 1125 ἐπηγέρθη,
1450 1043 1589 1103 κατσῖ
1647 1042 1750 1103 τὸν

150 1132 635 1206 Πελοποννησίων
662 1132 754 1191 καὶ
777 1130 1086 1207 Ἀθηναίων
1121 1130 1390 1208 πόλεμον,
1419 1130 1489 1194 ὥς
1514 1131 1750 1211 λέγουσι

150 1216 599 1296 Λακεδαιμόνιοι.
680 1217 848 1279 τοῦτό
885 1243 985 1296 μοι
1020 1222 1079 1277 ε’ν
1113 1222 1265 1278 τοῖσι
1302 1217 1586 1279 θειότατον
1622 1218 1750 1294 φαίε-

150 1332 305 1367 νεται
328 1305 613 1387 γενέσθαι.
685 1305 772 1366 ὅτι
795 1308 900 1384 μὲν
916 1304 1026 1386 γάρ
1055 1306 1372 1384 κατέσκηψε
1398 1310 1453 1370 ε’ς
1479 1303 1753 1387 ἀγγέλους

149 1393 189 1469 ἦ
227 1392 563 1470 Ταλθυβίου
600 1397 779 1471 μῆνις,
819 1392 944 1453 οὐδὲ
976 1392 1260 1456 ἐπαύσατο
1289 1394 1422 1472 πρὶν
1457 1392 1494 1470 ἢ
1533 1393 1748 1470 ἐξῆλθε,

150 1481 217 1542 vd
260 1481 477 1542 δίκαιον
519 1479 658 1540 οὕτω
702 1483 882 1559 ἔφερε·
945 1481 1012 1541 τὸ
1055 1482 1116 1541 δὲ
1161 1484 1475 1560 συμπεσεῖν
1519 1486 1573 1544 ές
1618 1481 1749 1554 τοῦς

150 1569 356 1632 παῖδας
406 1572 515 1628 τῶν
568 1566 777 1647 ἀνδρῶν
820 1567 1027 1630 τούτων
1077 1573 1186 1629 τῶν
1233 1569 1559 1646 ἀναβάντων
1610 1568 1751 1644 πρὸς

149 1656 411 1733 βασιλέα
441 1655 531 1715 διὰ
562 1655 667 1733 τὴν
700 1657 883 1733 μῆνιν,
913 1660 968 1720 ἐς
1003 1655 1260 1717 Νικόλαν
1282 1683 1345 1717 τε
1369 1656 1469 1717 τὸν
1495 1657 1748 1725 Βούλιος,

151 1747 243 1806 καὶ
272 1750 329 1809 ἐς
354 1742 689 1821 Ἀνήριστον
723 1744 822 1804 τὸν
856 1744 1153 1822 Σπερθίεω,
1181 1743 1243 1807 ὃς
1268 1743 1383 1808 εἷλε
1409 1743 1599 1806 ιῖλιέας
1622 1741 1751 1805 τούς

151 1838 210 1892 ἐκ
264 1830 551 1909 Τίρυνθος,
599 1829 797 1892 ὁλκάδι
840 1830 1213 1894 καταπλώσας
1265 1829 1471 1908 πλήρεϊ
1521 1828 1749 1908 ἀνδρῶν·

149 1921 328 1998 δῆλον
374 1916 447 1979 ὧν
484 1944 585 1995 μοι
624 1918 712 1980 ὅτι
752 1920 903 1982 θεῖον
937 1919 1153 1999 ἐγένετο
1182 1916 1249 1978 τὸ
1285 1922 1521 2000 πρῆγμα
1553 1921 1613 1976 ἐκ
1650 1920 1754 1993 τῆς

145 2007 372 2086 μήνιος·
441 2008 494 2066 οἱ
544 2004 673 2087 γὰρ,
725 2007 1077 2084 πεμφθέντες
1140 2004 1249 2066 ὑπὸ
1308 2004 1755 2082 Λακεδαιμονίων

146 2094 392 2178 ἄγγελοι
420 2097 477 2156 ἐς
499 2092 604 2169 τὴν
626 2092 845 2171 Ἀσίην,
865 2094 1226 2172 προδοθέντες
1252 2094 1311 2154 δὲ
1337 2092 1446 2154 ὖπό
1468 2091 1753 2159 Σιτάλκεω

142 2187 251 2244 τοῦ
277 2179 471 2259 Τήρεω
498 2180 750 2257 Θρηΐκιον
784 2181 1081 2259 βασιλέος,
1107 2182 1202 2244 καὶ
1237 2180 1627 2260 Νυμφοδώρου
1652 2183 1758 2244 ‘roi'

144 2263 362 2331 Πύθεω
402 2266 612 2347 α’,νδρός
631 2268 995 2347 Ἀβδηρίτεω,
1023 2268 1256 2346 ἥλωσαν
1271 2268 1431 2332 ,κατοὶ
1463 2268 1755 2344 Βισάνθην

146 2357 256 2434 τήν
283 2363 345 2417 ἐν
368 2354 790 2437 Ἑλλησπόντῳ,
816 2357 909 2418 καὶ
934 2355 1277 2436 ἀπαχθέντες
1297 2362 1352 2420 ,ἐς
1370 2355 1474 2432 τήν
1497 2355 1758 2431 Ἀττικήν

149 2444 437 2510 ἀπέθανον
470 2443 582 2504 ὖπό
612 2443 938 2521 Ἀθηναίων·
978 2441 1123 2521 μετσῖ
1162 2443 1222 2502 δὲ
1261 2439 1440 2503 αὐτῶν
1481 2444 1573 2508 καὶ
1599 2442 1751 2521 Ἀρι-

150 2533 327 2596 στέας
349 2529 380 2593 ὅ
406 2531 783 2611 Ἀδειμάντου,
813 2533 1111 2611 Κορίνθιος
1130 2528 1289 2609 ἀνήρ·
1330 2533 1507 2591 ταῦτα
1530 2531 1635 2608 μέν
1660 2556 1757 2594 νυν

149 2623 435 2680 πολλοῖσι
454 2622 602 2682 ἔτεσι
620 2619 858 2699 ὕστερον
876 2620 1093 2703 ἐγένετο
1108 2622 1209 2681 τοῦ
1227 2618 1507 2695 βασιλέος
1525 2613 1757 2686 στόλου·

151 2706 414 2785 ἐπάνειμι
440 2707 550 2767 δὲ’
526 2709 617 2767 επὶ
641 2708 740 2769 τὸν
765 2707 1037 2787 πρότερον
1064 2706 1258 2789 λόγον.

234 2792 314 2854 Ἦ
344 2794 404 2853 δὲ
430 2797 822 2873 στρατηλασίη
848 2795 888 2873 ἦ
915 2796 1195 2874 βασιλέος
1229 2820 1438 2883 ουνομα
1470 2797 1576 2874 μὲν
1602 2794 1716 2875 εἶχε
1735 2799 1849 2858 138

149 2908 229 2946 ως
271 2880 359 2942 ἐπ
399 2880 641 2958 Ἀθήνας
683 2883 918 2957 ε’λαυνει,
962 2883 1183 2945 κατίετο
1231 2877 1291 2943 δε
1326 2888 1397 2947 ἐς
1422 2888 1616 2944 πᾶσαν
1656 2881 1761 2956 τήν

144 2967 432 3029 Ελλάδα·
493 2972 896 3049 πυνθανόμενοι
945 2972 1005 3032 δὲ
1050 2975 1228 3035 ταῦτα
1277 2971 1388 3049 πρὸ
1435 2971 1657 3030 πολλοῦ
1704 2991 1759 3024 οι

139 3051 448 3133 Ἕλληνες,
490 3056 589 3118 οὖκ
630 3064 688 3121 ἐν
729 3059 902 3141 ὁμοίω
943 3058 1145 3121 πάντες
1198 3062 1497 3118 ἐποιεῦντο·
1561 3057 1614 3112 οἳ
1657 3053 1763 3128 μὲν

132 3144 270 3230 γοῖρ
311 3171 496 3207 αυτων
532 3145 717 3212 δόντες
747 3151 857 3230 γῆν
887 3174 950 3208 τε
987 3146 1079 3205 καὶ
1112 3143 1255 3222 υδωρ
1280 3148 1357 3222 τῷ
1383 3143 1582 3218 Πέρσῃ
1611 3138 1764 3220 εἶχον

168 3237 195 3283 Ι
199 3236 242 3283 Ι
250 3236 382 3279 -14
