<?xml version="1.0" encoding="UTF-8"?>
<!DOCTYPE html PUBLIC "-//W3C//DTD XHTML 1.0 Transitional//EN"
    "http://www.w3.org/TR/xhtml1/DTD/xhtml1-transitional.dtd">
<html xmlns="http://www.w3.org/1999/xhtml" xml:lang="en" lang="en">
 <head>
  <title>
</title>
<meta http-equiv="Content-Type" content="text/html;charset=utf-8" />
  <meta name='ocr-system' content='tesseract 3.04.00' />
  <meta name='ocr-capabilities' content='ocr_page ocr_carea ocr_par ocr_line ocrx_word'/>
</head>
<body>
  <div class='ocr_page' id='page_1' title='image "./herodotus00unkngoog/herodotus00unkngoog_0030.png"; bbox 0 0 2100 3409; ppageno 0'>
   <div class='ocr_carea' id='block_1_1' title="bbox 154 70 1872 3302">
    <p class='ocr_par' dir='ltr' id='par_1_1' title="bbox 253 70 1872 235">
     <span class='ocr_line' id='line_1_1' title="bbox 253 70 1866 137; baseline -0.004 -12"><span class='ocrx_word' id='word_1_1' title='bbox 253 74 316 126; x_wconf 78' lang='lat'>18</span> <span class='ocrx_word' id='word_1_2' title='bbox 872 70 1238 125; x_wconf 65' lang='grc' dir='ltr'>ἮνοΔοτιὉί·</span> <span class='ocrx_word' id='word_1_3' title='bbox 1758 70 1866 137; x_wconf 77' lang='lat' dir='ltr'>[v-</span> 
     </span>
     <span class='ocr_line' id='line_1_2' title="bbox 253 150 1872 235; baseline -0.001 -20"><span class='ocrx_word' id='word_1_4' title='bbox 253 157 446 219; x_wconf 83' lang='grc' dir='ltr'>ναῖκας</span> <span class='ocrx_word' id='word_1_5' title='bbox 478 155 619 235; x_wconf 80' lang='grc' dir='ltr'>ἔχων</span> <span class='ocrx_word' id='word_1_6' title='bbox 647 153 747 215; x_wconf 85' lang='grc' dir='ltr'>δύο</span> <span class='ocrx_word' id='word_1_7' title='bbox 778 153 986 224; x_wconf 57' lang='grc' dir='ltr'>διξξιιίςε</span> <span class='ocrx_word' id='word_1_8' title='bbox 969 152 1152 216; x_wconf 86' lang='grc' dir='ltr'>ιστίας</span> <span class='ocrx_word' id='word_1_9' title='bbox 1182 152 1344 223; x_wconf 80' lang='grc' dir='ltr'>οἴκεε,</span> <span class='ocrx_word' id='word_1_10' title='bbox 1370 151 1573 212; x_wconf 77' lang='grc' dir='ltr'>ποιέων</span> <span class='ocrx_word' id='word_1_11' title='bbox 1603 150 1872 230; x_wconf 75' lang='grc' dir='ltr'>οὐδαμῶς</span> 
     </span>
    </p>

    <p class='ocr_par' dir='ltr' id='par_1_2' title="bbox 157 238 1868 1721">
     <span class='ocr_line' id='line_1_3' title="bbox 157 238 1867 320; baseline -0.002 -17"><span class='ocrx_word' id='word_1_12' title='bbox 157 246 231 304; x_wconf 84' lang='grc'>41</span> <span class='ocrx_word' id='word_1_13' title='bbox 257 241 654 320; x_wconf 77' lang='grc' dir='ltr'>Σπαρτιητικά.</span> <span class='ocrx_word' id='word_1_14' title='bbox 728 242 948 319; x_wconf 87' lang='grc' dir='ltr'>Χρόνου</span> <span class='ocrx_word' id='word_1_15' title='bbox 989 241 1074 300; x_wconf 82' lang='grc' dir='ltr'>δὲ</span> <span class='ocrx_word' id='word_1_16' title='bbox 1091 267 1156 299; x_wconf 94' lang='grc' dir='ltr'>ου</span> <span class='ocrx_word' id='word_1_17' title='bbox 1191 242 1416 299; x_wconf 82' lang='grc' dir='ltr'>πολλοῦ</span> <span class='ocrx_word' id='word_1_18' title='bbox 1453 238 1788 314; x_wconf 74' lang='grc' dir='ltr'>διελθόντος,</span> <span class='ocrx_word' id='word_1_19' title='bbox 1819 240 1867 317; x_wconf 77' lang='grc' dir='ltr'><em>ἦ</em></span> 
     </span>
     <span class='ocr_line' id='line_1_4' title="bbox 255 326 1868 410; baseline -0.001 -20"><span class='ocrx_word' id='word_1_20' title='bbox 255 330 559 409; x_wconf 78' lang='grc' dir='ltr'>ἐσύστερον</span> <span class='ocrx_word' id='word_1_21' title='bbox 591 327 916 390; x_wconf 76' lang='grc' dir='ltr'>ἐπελθοῦσα</span> <span class='ocrx_word' id='word_1_22' title='bbox 939 327 1081 410; x_wconf 74' lang='grc' dir='ltr'>γυνή</span> <span class='ocrx_word' id='word_1_23' title='bbox 1105 328 1278 388; x_wconf 81' lang='grc' dir='ltr'>τίκτει</span> <span class='ocrx_word' id='word_1_24' title='bbox 1300 327 1402 388; x_wconf 83' lang='grc' dir='ltr'>τόν</span> <span class='ocrx_word' id='word_1_25' title='bbox 1428 326 1497 404; x_wconf 78' lang='grc' dir='ltr'>δή</span> <span class='ocrx_word' id='word_1_26' title='bbox 1526 330 1868 405; x_wconf 79' lang='grc' dir='ltr'>Κλεομένεα</span> 
     </span>
     <span class='ocr_line' id='line_1_5' title="bbox 252 415 1864 494; baseline -0.003 -15"><span class='ocrx_word' id='word_1_27' title='bbox 252 422 470 479; x_wconf 81' lang='grc' dir='ltr'>τοῦτον·</span> <span class='ocrx_word' id='word_1_28' title='bbox 522 418 615 476; x_wconf 83' lang='grc' dir='ltr'>καὶ</span> <span class='ocrx_word' id='word_1_29' title='bbox 647 416 787 493; x_wconf 73' lang='grc' dir='ltr'>αὕτη</span> <span class='ocrx_word' id='word_1_30' title='bbox 816 443 880 477; x_wconf 88' lang='grc' dir='ltr'>τε</span> <span class='ocrx_word' id='word_1_31' title='bbox 911 416 1147 493; x_wconf 82' lang='grc' dir='ltr'>ἔφεδρον</span> <span class='ocrx_word' id='word_1_32' title='bbox 1175 416 1432 491; x_wconf 81' lang='grc' dir='ltr'>βασιλέα</span> <span class='ocrx_word' id='word_1_33' title='bbox 1465 415 1864 494; x_wconf 77' lang='grc' dir='ltr'>Σπαρτιήτῃσι</span> 
     </span>
     <span class='ocr_line' id='line_1_6' title="bbox 253 501 1865 585; baseline -0.001 -20"><span class='ocrx_word' id='word_1_34' title='bbox 253 505 546 581; x_wconf 87' lang='grc' dir='ltr'>ἀπέφαινε,</span> <span class='ocrx_word' id='word_1_35' title='bbox 586 506 678 563; x_wconf 89' lang='grc' dir='ltr'>καὶ</span> <span class='ocrx_word' id='word_1_36' title='bbox 708 504 745 580; x_wconf 82' lang='grc' dir='ltr'><em>ἦ</em></span> <span class='ocrx_word' id='word_1_37' title='bbox 778 504 1024 581; x_wconf 83' lang='grc' dir='ltr'>προτέρη</span> <span class='ocrx_word' id='word_1_38' title='bbox 1058 502 1199 585; x_wconf 77' lang='grc' dir='ltr'>γυνὴ</span> <span class='ocrx_word' id='word_1_39' title='bbox 1224 501 1324 562; x_wconf 78' lang='grc' dir='ltr'>τᾶν</span> <span class='ocrx_word' id='word_1_40' title='bbox 1349 501 1624 581; x_wconf 84' lang='grc' dir='ltr'>πρότερον</span> <span class='ocrx_word' id='word_1_41' title='bbox 1647 503 1865 582; x_wconf 85' lang='grc' dir='ltr'>χρόνον</span> 
     </span>
     <span class='ocr_line' id='line_1_7' title="bbox 252 590 1863 671; baseline 0 -20"><span class='ocrx_word' id='word_1_42' title='bbox 252 619 451 656; x_wconf 89' lang='grc' dir='ltr'>ατοκος</span> <span class='ocrx_word' id='word_1_43' title='bbox 502 596 677 651; x_wconf 82' lang='grc' dir='ltr'>ἐοῦσα</span> <span class='ocrx_word' id='word_1_44' title='bbox 729 592 856 654; x_wconf 88' lang='grc' dir='ltr'>τότε</span> <span class='ocrx_word' id='word_1_45' title='bbox 911 595 1017 654; x_wconf 81' lang='grc' dir='ltr'>κῶς</span> <span class='ocrx_word' id='word_1_46' title='bbox 1076 590 1296 666; x_wconf 81' lang='grc' dir='ltr'>ἐκύησε,</span> <span class='ocrx_word' id='word_1_47' title='bbox 1352 590 1623 669; x_wconf 83' lang='grc' dir='ltr'>συντυχίῃ</span> <span class='ocrx_word' id='word_1_48' title='bbox 1675 590 1863 671; x_wconf 83' lang='grc' dir='ltr'>ταύτῃ</span> 
     </span>
     <span class='ocr_line' id='line_1_8' title="bbox 251 676 1863 760; baseline -0.001 -20"><span class='ocrx_word' id='word_1_49' title='bbox 251 681 600 759; x_wconf 83' lang='grc' dir='ltr'>χρησαμένη.</span> <span class='ocrx_word' id='word_1_50' title='bbox 644 681 887 759; x_wconf 82' lang='grc' dir='ltr'>ἔχουσαν</span> <span class='ocrx_word' id='word_1_51' title='bbox 927 680 989 738; x_wconf 79' lang='grc' dir='ltr'>δὲ</span> <span class='ocrx_word' id='word_1_52' title='bbox 1027 677 1203 754; x_wconf 74' lang='grc' dir='ltr'>αὐτὴν</span> <span class='ocrx_word' id='word_1_53' title='bbox 1242 676 1445 754; x_wconf 85' lang='grc' dir='ltr'>ἀληθέῖ</span> <span class='ocrx_word' id='word_1_54' title='bbox 1476 677 1630 760; x_wconf 76' lang='grc' dir='ltr'>λόγῳ</span> <span class='ocrx_word' id='word_1_55' title='bbox 1666 682 1721 738; x_wconf 82' lang='grc' dir='ltr'>οἶ</span> <span class='ocrx_word' id='word_1_56' title='bbox 1751 684 1863 756; x_wconf 80' lang='grc' dir='ltr'>τῆς</span> 
     </span>
     <span class='ocr_line' id='line_1_9' title="bbox 253 764 1861 848; baseline -0.001 -21"><span class='ocrx_word' id='word_1_57' title='bbox 253 767 603 843; x_wconf 75' lang='grc' dir='ltr'>ἐπελθούσης</span> <span class='ocrx_word' id='word_1_58' title='bbox 632 766 889 848; x_wconf 82' lang='grc' dir='ltr'>γυναικὸς</span> <span class='ocrx_word' id='word_1_59' title='bbox 920 764 1122 842; x_wconf 81' lang='grc' dir='ltr'>οἶκήῖοι</span> <span class='ocrx_word' id='word_1_60' title='bbox 1155 765 1459 842; x_wconf 83' lang='grc' dir='ltr'>πυθόμενοι</span> <span class='ocrx_word' id='word_1_61' title='bbox 1485 765 1715 845; x_wconf 82' lang='grc' dir='ltr'>ὤχλεον,</span> <span class='ocrx_word' id='word_1_62' title='bbox 1743 767 1861 843; x_wconf 78' lang='grc' dir='ltr'>φά-</span> 
     </span>
     <span class='ocr_line' id='line_1_10' title="bbox 249 852 1860 932; baseline 0 -17"><span class='ocrx_word' id='word_1_63' title='bbox 249 881 408 932; x_wconf 87' lang='grc' dir='ltr'>μενοι</span> <span class='ocrx_word' id='word_1_64' title='bbox 433 854 606 931; x_wconf 74' lang='grc' dir='ltr'>αὐτὴν</span> <span class='ocrx_word' id='word_1_65' title='bbox 633 855 893 931; x_wconf 84' lang='grc' dir='ltr'>κομπέειν</span> <span class='ocrx_word' id='word_1_66' title='bbox 917 852 1109 916; x_wconf 75' lang='grc' dir='ltr'>ἄλλως</span> <span class='ocrx_word' id='word_1_67' title='bbox 1131 854 1489 929; x_wconf 84' lang='grc' dir='ltr'>βουλομένην</span> <span class='ocrx_word' id='word_1_68' title='bbox 1521 853 1860 930; x_wconf 71' lang='grc' dir='ltr'>ὑποβαλέσ-</span> 
     </span>
     <span class='ocr_line' id='line_1_11' title="bbox 252 939 1850 1020; baseline 0 -18"><span class='ocrx_word' id='word_1_69' title='bbox 252 942 364 1002; x_wconf 90' lang='grc' dir='ltr'>θαι·</span> <span class='ocrx_word' id='word_1_70' title='bbox 407 942 556 1003; x_wconf 74' lang='grc' dir='ltr'>δεινὰ</span> <span class='ocrx_word' id='word_1_71' title='bbox 593 942 654 1002; x_wconf 76' lang='grc' dir='ltr'>δὲ</span> <span class='ocrx_word' id='word_1_72' title='bbox 688 941 985 1002; x_wconf 79' lang='grc' dir='ltr'>ποιεύντων</span> <span class='ocrx_word' id='word_1_73' title='bbox 1021 939 1217 1015; x_wconf 75' lang='grc' dir='ltr'>αὐτῶν,</span> <span class='ocrx_word' id='word_1_74' title='bbox 1242 943 1344 1000; x_wconf 82' lang='grc' dir='ltr'>τοῦ</span> <span class='ocrx_word' id='word_1_75' title='bbox 1374 940 1582 1020; x_wconf 88' lang='grc' dir='ltr'>χρόνου</span> <span class='ocrx_word' id='word_1_76' title='bbox 1606 939 1850 1019; x_wconf 78' lang='grc' dir='ltr'>συντάμ·</span> 
     </span>
     <span class='ocr_line' id='line_1_12' title="bbox 254 1022 1858 1109; baseline -0.001 -20"><span class='ocrx_word' id='word_1_77' title='bbox 254 1055 460 1100; x_wconf 88' lang='grc' dir='ltr'>νοντος,</span> <span class='ocrx_word' id='word_1_78' title='bbox 482 1029 573 1089; x_wconf 75' lang='grc' dir='ltr'>ὕπ’</span> <span class='ocrx_word' id='word_1_79' title='bbox 594 1022 859 1105; x_wconf 77' lang='grc' dir='ltr'>ἀπιστίης</span> <span class='ocrx_word' id='word_1_80' title='bbox 883 1031 938 1089; x_wconf 73' lang='grc' dir='ltr'>οἱ</span> <span class='ocrx_word' id='word_1_81' title='bbox 964 1029 1163 1105; x_wconf 82' lang='grc' dir='ltr'>ἔφοροι</span> <span class='ocrx_word' id='word_1_82' title='bbox 1179 1028 1480 1088; x_wconf 87' lang='grc' dir='ltr'>τίκτουσαν</span> <span class='ocrx_word' id='word_1_83' title='bbox 1495 1027 1600 1104; x_wconf 78' lang='grc' dir='ltr'>τήν</span> <span class='ocrx_word' id='word_1_84' title='bbox 1616 1034 1858 1109; x_wconf 81' lang='grc' dir='ltr'>γυναῖκα</span> 
     </span>
     <span class='ocr_line' id='line_1_13' title="bbox 251 1115 1860 1195; baseline 0 -19"><span class='ocrx_word' id='word_1_85' title='bbox 251 1117 622 1195; x_wconf 80' lang='grc' dir='ltr'>περιῖζόμενοι</span> <span class='ocrx_word' id='word_1_86' title='bbox 659 1116 963 1192; x_wconf 77' lang='grc' dir='ltr'>ἐφύλαξαν·</span> <span class='ocrx_word' id='word_1_87' title='bbox 1003 1115 1042 1191; x_wconf 78' lang='grc' dir='ltr'><em>ἦ</em></span> <span class='ocrx_word' id='word_1_88' title='bbox 1075 1116 1137 1175; x_wconf 79' lang='grc' dir='ltr'>δὲ</span> <span class='ocrx_word' id='word_1_89' title='bbox 1163 1115 1235 1179; x_wconf 76' lang='grc' dir='ltr'>ὥς</span> <span class='ocrx_word' id='word_1_90' title='bbox 1259 1116 1409 1175; x_wconf 80' lang='grc' dir='ltr'>ἔτεκε</span> <span class='ocrx_word' id='word_1_91' title='bbox 1441 1116 1660 1193; x_wconf 85' lang='grc' dir='ltr'>Δωριέα</span> <span class='ocrx_word' id='word_1_92' title='bbox 1698 1118 1860 1182; x_wconf 79' lang='grc' dir='ltr'>ἰθέως</span> 
     </span>
     <span class='ocr_line' id='line_1_14' title="bbox 253 1203 1860 1283; baseline 0.001 -20"><span class='ocrx_word' id='word_1_93' title='bbox 253 1206 405 1283; x_wconf 85' lang='grc' dir='ltr'>ἴσχει</span> <span class='ocrx_word' id='word_1_94' title='bbox 431 1205 726 1280; x_wconf 81' lang='grc' dir='ltr'>Λεωνίδην,</span> <span class='ocrx_word' id='word_1_95' title='bbox 757 1205 848 1262; x_wconf 82' lang='grc' dir='ltr'>καὶ</span> <span class='ocrx_word' id='word_1_96' title='bbox 871 1203 1016 1280; x_wconf 73' lang='grc' dir='ltr'>μετὰ</span> <span class='ocrx_word' id='word_1_97' title='bbox 1040 1206 1241 1263; x_wconf 78' lang='grc' dir='ltr'>τοῦτον</span> <span class='ocrx_word' id='word_1_98' title='bbox 1268 1203 1423 1267; x_wconf 72' lang='grc' dir='ltr'>ἰθέως</span> <span class='ocrx_word' id='word_1_99' title='bbox 1448 1204 1602 1282; x_wconf 75' lang='grc' dir='ltr'>ἴσχει</span> <span class='ocrx_word' id='word_1_100' title='bbox 1627 1204 1860 1282; x_wconf 80' lang='grc' dir='ltr'>Κλεόμ-</span> 
     </span>
     <span class='ocr_line' id='line_1_15' title="bbox 250 1291 1859 1371; baseline 0 -18"><span class='ocrx_word' id='word_1_101' title='bbox 250 1293 483 1369; x_wconf 88' lang='grc' dir='ltr'>βροτον·</span> <span class='ocrx_word' id='word_1_102' title='bbox 537 1297 592 1352; x_wconf 81' lang='grc' dir='ltr'>οἶ</span> <span class='ocrx_word' id='word_1_103' title='bbox 633 1292 693 1352; x_wconf 78' lang='grc' dir='ltr'>δὲ</span> <span class='ocrx_word' id='word_1_104' title='bbox 729 1293 822 1351; x_wconf 84' lang='grc' dir='ltr'>καὶ</span> <span class='ocrx_word' id='word_1_105' title='bbox 862 1292 1122 1368; x_wconf 81' lang='grc' dir='ltr'>διδύμους</span> <span class='ocrx_word' id='word_1_106' title='bbox 1161 1292 1399 1371; x_wconf 86' lang='grc' dir='ltr'>λέγουσι</span> <span class='ocrx_word' id='word_1_107' title='bbox 1439 1291 1859 1368; x_wconf 86' lang='grc' dir='ltr'>Κλεόμβροτόν</span> 
     </span>
     <span class='ocr_line' id='line_1_16' title="bbox 252 1377 1859 1459; baseline 0.001 -21"><span class='ocrx_word' id='word_1_108' title='bbox 252 1404 316 1438; x_wconf 90' lang='grc' dir='ltr'>τε</span> <span class='ocrx_word' id='word_1_109' title='bbox 352 1381 444 1438; x_wconf 87' lang='grc' dir='ltr'>καὶ</span> <span class='ocrx_word' id='word_1_110' title='bbox 473 1380 752 1454; x_wconf 81' lang='grc' dir='ltr'>Λεωνίδην</span> <span class='ocrx_word' id='word_1_111' title='bbox 776 1379 1061 1459; x_wconf 85' lang='grc' dir='ltr'>γενέσθαι·</span> <span class='ocrx_word' id='word_1_112' title='bbox 1102 1377 1141 1453; x_wconf 80' lang='grc' dir='ltr'><em>ἦ</em></span> <span class='ocrx_word' id='word_1_113' title='bbox 1169 1378 1229 1437; x_wconf 85' lang='grc' dir='ltr'>δὲ</span> <span class='ocrx_word' id='word_1_114' title='bbox 1255 1378 1582 1455; x_wconf 87' lang='grc' dir='ltr'>Κλεομένεα</span> <span class='ocrx_word' id='word_1_115' title='bbox 1610 1384 1859 1440; x_wconf 80' lang='grc' dir='ltr'>τεκοῦσα</span> 
     </span>
     <span class='ocr_line' id='line_1_17' title="bbox 257 1463 1858 1548; baseline 0.001 -23"><span class='ocrx_word' id='word_1_116' title='bbox 257 1467 350 1525; x_wconf 85' lang='grc' dir='ltr'>καὶ</span> <span class='ocrx_word' id='word_1_117' title='bbox 387 1466 454 1527; x_wconf 74' lang='grc' dir='ltr'>τὸ</span> <span class='ocrx_word' id='word_1_118' title='bbox 495 1466 746 1543; x_wconf 89' lang='grc' dir='ltr'>δεύτερον</span> <span class='ocrx_word' id='word_1_119' title='bbox 791 1466 1112 1526; x_wconf 79' lang='grc' dir='ltr'>ἐπελθοῦσα</span> <span class='ocrx_word' id='word_1_120' title='bbox 1163 1463 1323 1547; x_wconf 75' lang='grc' dir='ltr'>γυνὴ,</span> <span class='ocrx_word' id='word_1_121' title='bbox 1378 1470 1552 1525; x_wconf 83' lang='grc' dir='ltr'>ἐοῦσα</span> <span class='ocrx_word' id='word_1_122' title='bbox 1604 1466 1858 1548; x_wconf 76' lang='grc' dir='ltr'>θυγάτηρ</span> 
     </span>
     <span class='ocr_line' id='line_1_18' title="bbox 253 1551 1856 1642; baseline 0.001 -28"><span class='ocrx_word' id='word_1_123' title='bbox 253 1554 611 1631; x_wconf 80' lang='grc' dir='ltr'>Πρινητάδεω</span> <span class='ocrx_word' id='word_1_124' title='bbox 648 1558 749 1615; x_wconf 79' lang='grc' dir='ltr'>τοῦ</span> <span class='ocrx_word' id='word_1_125' title='bbox 778 1554 1168 1630; x_wconf 79' lang='grc' dir='ltr'>Δημαρμένου,</span> <span class='ocrx_word' id='word_1_126' title='bbox 1197 1551 1381 1613; x_wconf 78' lang='grc' dir='ltr'>οὐκέτι</span> <span class='ocrx_word' id='word_1_127' title='bbox 1421 1554 1597 1642; x_wconf 68' lang='grc' dir='ltr'>ἔτικτε</span> <span class='ocrx_word' id='word_1_128' title='bbox 1629 1554 1697 1615; x_wconf 77' lang='grc' dir='ltr'>τὸ</span> <span class='ocrx_word' id='word_1_129' title='bbox 1738 1556 1856 1616; x_wconf 84' lang='grc' dir='ltr'>δεύ-</span> 
     </span>
     <span class='ocr_line' id='line_1_19' title="bbox 254 1667 432 1721; baseline 0 -18"><span class='ocrx_word' id='word_1_130' title='bbox 254 1667 432 1721; x_wconf 89' lang='grc' dir='ltr'>τερον.</span> 
     </span>
    </p>

    <p class='ocr_par' dir='ltr' id='par_1_3' title="bbox 154 1729 1858 2246">
     <span class='ocr_line' id='line_1_20' title="bbox 154 1729 1855 1811; baseline 0 -20"><span class='ocrx_word' id='word_1_131' title='bbox 154 1733 233 1791; x_wconf 82' lang='lat'>42</span> <span class='ocrx_word' id='word_1_132' title='bbox 333 1730 402 1791; x_wconf 90' lang='grc' dir='ltr'>Ὀ</span> <span class='ocrx_word' id='word_1_133' title='bbox 438 1734 542 1809; x_wconf 80' lang='grc' dir='ltr'>μὲν</span> <span class='ocrx_word' id='word_1_134' title='bbox 577 1732 647 1807; x_wconf 89' lang='grc' dir='ltr'>δη</span> <span class='ocrx_word' id='word_1_135' title='bbox 675 1732 1019 1808; x_wconf 79' lang='grc' dir='ltr'>Κλεομένης,</span> <span class='ocrx_word' id='word_1_136' title='bbox 1047 1757 1121 1794; x_wconf 90' lang='grc' dir='ltr'>ως</span> <span class='ocrx_word' id='word_1_137' title='bbox 1146 1731 1388 1811; x_wconf 84' lang='grc' dir='ltr'>λέγεται,</span> <span class='ocrx_word' id='word_1_138' title='bbox 1417 1729 1488 1806; x_wconf 83' lang='grc' dir='ltr'>ἦν</span> <span class='ocrx_word' id='word_1_139' title='bbox 1512 1755 1576 1791; x_wconf 87' lang='grc' dir='ltr'>τε</span> <span class='ocrx_word' id='word_1_140' title='bbox 1596 1755 1660 1790; x_wconf 91' lang='grc' dir='ltr'>ου</span> <span class='ocrx_word' id='word_1_141' title='bbox 1688 1736 1855 1808; x_wconf 85' lang='grc' dir='ltr'>φρεν-</span> 
     </span>
     <span class='ocr_line' id='line_1_21' title="bbox 251 1816 1858 1899; baseline -0.001 -20"><span class='ocrx_word' id='word_1_142' title='bbox 251 1818 391 1895; x_wconf 85' lang='grc' dir='ltr'>ήρης</span> <span class='ocrx_word' id='word_1_143' title='bbox 438 1818 759 1899; x_wconf 80' lang='grc' dir='ltr'>ἀκρομανής</span> <span class='ocrx_word' id='word_1_144' title='bbox 796 1845 875 1890; x_wconf 89' lang='grc' dir='ltr'>τε,</span> <span class='ocrx_word' id='word_1_145' title='bbox 917 1845 950 1879; x_wconf 97' lang='grc' dir='ltr'>ο</span> <span class='ocrx_word' id='word_1_146' title='bbox 992 1819 1053 1878; x_wconf 81' lang='grc' dir='ltr'>δὲ</span> <span class='ocrx_word' id='word_1_147' title='bbox 1094 1817 1336 1895; x_wconf 88' lang='grc' dir='ltr'>Δωριευς</span> <span class='ocrx_word' id='word_1_148' title='bbox 1380 1816 1451 1893; x_wconf 83' lang='grc' dir='ltr'>ἦν</span> <span class='ocrx_word' id='word_1_149' title='bbox 1500 1821 1612 1877; x_wconf 79' lang='grc' dir='ltr'>τῶν</span> <span class='ocrx_word' id='word_1_150' title='bbox 1644 1817 1858 1893; x_wconf 76' lang='grc' dir='ltr'>ἡλίκων</span> 
     </span>
     <span class='ocr_line' id='line_1_22' title="bbox 250 1903 1857 1984; baseline 0.001 -19"><span class='ocrx_word' id='word_1_151' title='bbox 250 1906 472 1967; x_wconf 78' lang='grc' dir='ltr'>πάντων</span> <span class='ocrx_word' id='word_1_152' title='bbox 509 1913 745 1984; x_wconf 80' lang='grc' dir='ltr'>πρῶτος·</span> <span class='ocrx_word' id='word_1_153' title='bbox 800 1906 861 1966; x_wconf 76' lang='grc' dir='ltr'>εὖ</span> <span class='ocrx_word' id='word_1_154' title='bbox 900 1931 964 1966; x_wconf 81' lang='grc' dir='ltr'>τε</span> <span class='ocrx_word' id='word_1_155' title='bbox 1004 1908 1276 1970; x_wconf 86' lang='grc' dir='ltr'>ἐπίστατο</span> <span class='ocrx_word' id='word_1_156' title='bbox 1320 1904 1437 1964; x_wconf 89' lang='grc' dir='ltr'>κατ’</span> <span class='ocrx_word' id='word_1_157' title='bbox 1479 1903 1857 1984; x_wconf 76' lang='grc' dir='ltr'>ἀνδραγαθίην</span> 
     </span>
     <span class='ocr_line' id='line_1_23' title="bbox 252 1991 1852 2073; baseline 0.001 -21"><span class='ocrx_word' id='word_1_158' title='bbox 252 1993 421 2058; x_wconf 83' lang='grc' dir='ltr'>αύτος</span> <span class='ocrx_word' id='word_1_159' title='bbox 460 1995 696 2073; x_wconf 83' lang='grc' dir='ltr'>σχήσων</span> <span class='ocrx_word' id='word_1_160' title='bbox 733 1994 839 2069; x_wconf 80' lang='grc' dir='ltr'>τὴν</span> <span class='ocrx_word' id='word_1_161' title='bbox 877 1994 1213 2069; x_wconf 66' lang='grc' dir='ltr'>βασιληίην·</span> <span class='ocrx_word' id='word_1_162' title='bbox 1256 1991 1403 2052; x_wconf 82' lang='grc' dir='ltr'>ὥστε</span> <span class='ocrx_word' id='word_1_163' title='bbox 1435 1991 1510 2052; x_wconf 79' lang='grc' dir='ltr'>ὧν</span> <span class='ocrx_word' id='word_1_164' title='bbox 1545 2018 1689 2052; x_wconf 90' lang='grc' dir='ltr'>ουτω</span> <span class='ocrx_word' id='word_1_165' title='bbox 1715 1999 1852 2070; x_wconf 52' lang='grc' dir='ltr'>φροί-</span> 
     </span>
     <span class='ocr_line' id='line_1_24' title="bbox 255 2078 1853 2157; baseline -0.001 -17"><span class='ocrx_word' id='word_1_166' title='bbox 255 2082 403 2150; x_wconf 88' lang='grc' dir='ltr'>νέων,</span> <span class='ocrx_word' id='word_1_167' title='bbox 433 2080 680 2157; x_wconf 77' lang='grc' dir='ltr'>ἐπειδὴ</span> <span class='ocrx_word' id='word_1_168' title='bbox 647 2108 679 2140; x_wconf 95' lang='grc' dir='ltr'>ο</span> <span class='ocrx_word' id='word_1_169' title='bbox 705 2105 769 2140; x_wconf 88' lang='grc' dir='ltr'>τε</span> <span class='ocrx_word' id='word_1_170' title='bbox 793 2079 1220 2156; x_wconf 78' lang='grc' dir='ltr'>Ἀναξανδρίδης</span> <span class='ocrx_word' id='word_1_171' title='bbox 1253 2079 1498 2140; x_wconf 81' lang='grc' dir='ltr'>ἀπέθανε</span> <span class='ocrx_word' id='word_1_172' title='bbox 1534 2078 1626 2138; x_wconf 84' lang='grc' dir='ltr'>καὶ</span> <span class='ocrx_word' id='word_1_173' title='bbox 1660 2082 1715 2139; x_wconf 82' lang='grc' dir='ltr'>οἶ</span> <span class='ocrx_word' id='word_1_174' title='bbox 1740 2086 1853 2139; x_wconf 80' lang='grc' dir='ltr'>Λα-</span> 
     </span>
     <span class='ocr_line' id='line_1_25' title="bbox 252 2166 1857 2246; baseline 0.001 -21"><span class='ocrx_word' id='word_1_175' title='bbox 252 2167 587 2245; x_wconf 87' lang='grc' dir='ltr'>κεδαιμόνιοι</span> <span class='ocrx_word' id='word_1_176' title='bbox 621 2166 926 2246; x_wconf 76' lang='grc' dir='ltr'>χρεώμενοι</span> <span class='ocrx_word' id='word_1_177' title='bbox 957 2170 1037 2246; x_wconf 77' lang='grc' dir='ltr'>τῷ</span> <span class='ocrx_word' id='word_1_178' title='bbox 1072 2166 1225 2246; x_wconf 77' lang='grc' dir='ltr'>νόμῳ</span> <span class='ocrx_word' id='word_1_179' title='bbox 1259 2166 1575 2243; x_wconf 84' lang='grc' dir='ltr'>ἐστήσαντο</span> <span class='ocrx_word' id='word_1_180' title='bbox 1600 2168 1857 2242; x_wconf 85' lang='grc' dir='ltr'>βασιλέα</span> 
     </span>
    </p>

    <p class='ocr_par' dir='ltr' id='par_1_4' title="bbox 170 2253 1857 3126">
     <span class='ocr_line' id='line_1_26' title="bbox 170 2253 1856 2333; baseline 0.001 -19"><span class='ocrx_word' id='word_1_181' title='bbox 170 2295 192 2320; x_wconf 77' lang='grc'>,</span> <span class='ocrx_word' id='word_1_182' title='bbox 249 2254 351 2315; x_wconf 83' lang='grc' dir='ltr'>τόν</span> <span class='ocrx_word' id='word_1_183' title='bbox 389 2255 787 2333; x_wconf 88' lang='grc' dir='ltr'>πρεσβύτατον</span> <span class='ocrx_word' id='word_1_184' title='bbox 833 2254 1178 2331; x_wconf 86' lang='grc' dir='ltr'>Κλεομένεα,</span> <span class='ocrx_word' id='word_1_185' title='bbox 1220 2254 1253 2314; x_wconf 80' lang='grc' dir='ltr'>ὁ</span> <span class='ocrx_word' id='word_1_186' title='bbox 1296 2253 1541 2331; x_wconf 76' lang='grc' dir='ltr'>Δωριεύς</span> <span class='ocrx_word' id='word_1_187' title='bbox 1578 2254 1755 2316; x_wconf 87' lang='grc' dir='ltr'>δεινόν</span> <span class='ocrx_word' id='word_1_188' title='bbox 1792 2282 1856 2315; x_wconf 90' lang='grc' dir='ltr'>τε</span> 
     </span>
     <span class='ocr_line' id='line_1_27' title="bbox 251 2341 1856 2420; baseline 0 -19"><span class='ocrx_word' id='word_1_189' title='bbox 251 2342 576 2420; x_wconf 83' lang='grc' dir='ltr'>ποιεύμενος</span> <span class='ocrx_word' id='word_1_190' title='bbox 602 2344 694 2401; x_wconf 87' lang='grc' dir='ltr'>καὶ</span> <span class='ocrx_word' id='word_1_191' title='bbox 718 2342 819 2402; x_wconf 72' lang='grc' dir='ltr'>οὐκ</span> <span class='ocrx_word' id='word_1_192' title='bbox 845 2341 1015 2412; x_wconf 78' lang='grc' dir='ltr'>ἀξιῶν</span> <span class='ocrx_word' id='word_1_193' title='bbox 1047 2341 1159 2403; x_wconf 77' lang='grc' dir='ltr'>ύπὸ</span> <span class='ocrx_word' id='word_1_194' title='bbox 1198 2342 1550 2418; x_wconf 87' lang='grc' dir='ltr'>Κλεομένεος</span> <span class='ocrx_word' id='word_1_195' title='bbox 1582 2342 1856 2417; x_wconf 83' lang='grc' dir='ltr'>βασιλεύ-</span> 
     </span>
     <span class='ocr_line' id='line_1_28' title="bbox 255 2427 1852 2510; baseline 0 -21"><span class='ocrx_word' id='word_1_196' title='bbox 255 2432 434 2500; x_wconf 88' lang='grc' dir='ltr'>εσθαι,</span> <span class='ocrx_word' id='word_1_197' title='bbox 477 2430 714 2505; x_wconf 84' lang='grc' dir='ltr'>αἰτήσας</span> <span class='ocrx_word' id='word_1_198' title='bbox 751 2429 893 2491; x_wconf 80' lang='grc' dir='ltr'>λαόν</span> <span class='ocrx_word' id='word_1_199' title='bbox 940 2429 1298 2507; x_wconf 76' lang='grc' dir='ltr'>Σπαρτιήτας</span> <span class='ocrx_word' id='word_1_200' title='bbox 1336 2427 1440 2510; x_wconf 79' lang='grc' dir='ltr'>ἄγε</span> <span class='ocrx_word' id='word_1_201' title='bbox 1481 2433 1538 2492; x_wconf 85' lang='grc' dir='ltr'>ἐς</span> <span class='ocrx_word' id='word_1_202' title='bbox 1578 2427 1852 2509; x_wconf 76' lang='grc' dir='ltr'>ἀποικίην,</span> 
     </span>
     <span class='ocr_line' id='line_1_29' title="bbox 255 2516 1856 2597; baseline 0 -19"><span class='ocrx_word' id='word_1_203' title='bbox 255 2516 381 2578; x_wconf 78' lang='grc' dir='ltr'>οὔτε</span> <span class='ocrx_word' id='word_1_204' title='bbox 430 2521 509 2597; x_wconf 79' lang='grc' dir='ltr'>τῷ</span> <span class='ocrx_word' id='word_1_205' title='bbox 560 2522 620 2578; x_wconf 89' lang='grc' dir='ltr'>ἐν</span> <span class='ocrx_word' id='word_1_206' title='bbox 677 2522 966 2593; x_wconf 85' lang='grc' dir='ltr'>Δελφοῖσι</span> <span class='ocrx_word' id='word_1_207' title='bbox 1015 2518 1341 2596; x_wconf 85' lang='grc' dir='ltr'>χρηστηρίω</span> <span class='ocrx_word' id='word_1_208' title='bbox 1392 2516 1753 2595; x_wconf 77' lang='grc' dir='ltr'>χρησάμενος</span> <span class='ocrx_word' id='word_1_209' title='bbox 1801 2524 1856 2583; x_wconf 88' lang='grc' dir='ltr'>ἐς</span> 
     </span>
     <span class='ocr_line' id='line_1_30' title="bbox 253 2603 1856 2688; baseline 0 -22"><span class='ocrx_word' id='word_1_210' title='bbox 253 2605 447 2682; x_wconf 81' lang='grc' dir='ltr'>ἥντινα</span> <span class='ocrx_word' id='word_1_211' title='bbox 500 2609 611 2688; x_wconf 68' lang='grc' dir='ltr'>γῆν</span> <span class='ocrx_word' id='word_1_212' title='bbox 663 2607 868 2666; x_wconf 86' lang='grc' dir='ltr'>κτίσων</span> <span class='ocrx_word' id='word_1_213' title='bbox 923 2632 996 2685; x_wconf 85' lang='grc' dir='ltr'>ιῃ,</span> <span class='ocrx_word' id='word_1_214' title='bbox 1053 2604 1179 2665; x_wconf 82' lang='grc' dir='ltr'>οὔτε</span> <span class='ocrx_word' id='word_1_215' title='bbox 1236 2604 1482 2680; x_wconf 79' lang='grc' dir='ltr'>ποιήσας</span> <span class='ocrx_word' id='word_1_216' title='bbox 1540 2603 1699 2664; x_wconf 74' lang='grc' dir='ltr'>οὐδὲν</span> <span class='ocrx_word' id='word_1_217' title='bbox 1747 2610 1856 2667; x_wconf 78' lang='grc' dir='ltr'>τῶν</span> 
     </span>
     <span class='ocr_line' id='line_1_31' title="bbox 254 2691 1855 2771; baseline -0.003 -17"><span class='ocrx_word' id='word_1_218' title='bbox 254 2694 641 2771; x_wconf 83' lang='grc' dir='ltr'>νομιζομένων,</span> <span class='ocrx_word' id='word_1_219' title='bbox 686 2693 778 2752; x_wconf 80' lang='grc' dir='ltr'>οἶα</span> <span class='ocrx_word' id='word_1_220' title='bbox 823 2693 884 2751; x_wconf 91' lang='grc' dir='ltr'>δε</span> <span class='ocrx_word' id='word_1_221' title='bbox 926 2694 1147 2770; x_wconf 88' lang='grc' dir='ltr'>βαρέως</span> <span class='ocrx_word' id='word_1_222' title='bbox 1199 2695 1387 2769; x_wconf 86' lang='grc' dir='ltr'>φέρων</span> <span class='ocrx_word' id='word_1_223' title='bbox 1439 2691 1594 2750; x_wconf 87' lang='grc' dir='ltr'>ἀπίει</span> <span class='ocrx_word' id='word_1_224' title='bbox 1648 2695 1705 2755; x_wconf 87' lang='grc' dir='ltr'>ἐς</span> <span class='ocrx_word' id='word_1_225' title='bbox 1754 2718 1855 2769; x_wconf 82' lang='grc' dir='ltr'>την</span> 
     </span>
     <span class='ocr_line' id='line_1_32' title="bbox 254 2777 1854 2862; baseline 0.001 -22"><span class='ocrx_word' id='word_1_226' title='bbox 254 2781 478 2857; x_wconf 88' lang='grc' dir='ltr'>Λιβύην</span> <span class='ocrx_word' id='word_1_227' title='bbox 510 2780 583 2841; x_wconf 82' lang='grc' dir='ltr'>τά</span> <span class='ocrx_word' id='word_1_228' title='bbox 607 2784 802 2839; x_wconf 85' lang='grc' dir='ltr'>πλοῖα·</span> <span class='ocrx_word' id='word_1_229' title='bbox 847 2781 1185 2862; x_wconf 85' lang='grc' dir='ltr'>κατηγέοντο</span> <span class='ocrx_word' id='word_1_230' title='bbox 1213 2780 1275 2839; x_wconf 84' lang='grc' dir='ltr'>δε</span> <span class='ocrx_word' id='word_1_231' title='bbox 1299 2782 1353 2840; x_wconf 81' lang='grc' dir='ltr'>οἱ</span> <span class='ocrx_word' id='word_1_232' title='bbox 1384 2777 1578 2856; x_wconf 80' lang='grc' dir='ltr'>ανδρες</span> <span class='ocrx_word' id='word_1_233' title='bbox 1601 2784 1854 2857; x_wconf 82' lang='grc' dir='ltr'>Θηραῖοι.</span> 
     </span>
     <span class='ocr_line' id='line_1_33' title="bbox 256 2865 1857 2945; baseline 0.001 -17"><span class='ocrx_word' id='word_1_234' title='bbox 256 2867 588 2945; x_wconf 87' lang='grc' dir='ltr'>ἀπικόμενος</span> <span class='ocrx_word' id='word_1_235' title='bbox 627 2868 674 2927; x_wconf 84' lang='grc' dir='ltr'>δ’</span> <span class='ocrx_word' id='word_1_236' title='bbox 716 2873 771 2931; x_wconf 86' lang='grc' dir='ltr'>ἐς</span> <span class='ocrx_word' id='word_1_237' title='bbox 812 2870 1052 2937; x_wconf 86' lang='grc' dir='ltr'>Κίνυπα,</span> <span class='ocrx_word' id='word_1_238' title='bbox 1095 2868 1276 2927; x_wconf 79' lang='grc' dir='ltr'>οἴκισε</span> <span class='ocrx_word' id='word_1_239' title='bbox 1315 2871 1502 2945; x_wconf 77' lang='grc' dir='ltr'>χῶρον</span> <span class='ocrx_word' id='word_1_240' title='bbox 1543 2865 1857 2929; x_wconf 76' lang='grc' dir='ltr'>κάλλιστον</span> 
     </span>
     <span class='ocr_line' id='line_1_34' title="bbox 252 2954 1856 3033; baseline 0.001 -17"><span class='ocrx_word' id='word_1_241' title='bbox 252 2960 364 3017; x_wconf 78' lang='grc' dir='ltr'>τῶν</span> <span class='ocrx_word' id='word_1_242' title='bbox 397 2955 627 3033; x_wconf 83' lang='grc' dir='ltr'>Λιβύων</span> <span class='ocrx_word' id='word_1_243' title='bbox 662 2954 814 3033; x_wconf 72' lang='grc' dir='ltr'>παρὰ</span> <span class='ocrx_word' id='word_1_244' title='bbox 848 2956 1125 3033; x_wconf 87' lang='grc' dir='ltr'>ποταμόν·</span> <span class='ocrx_word' id='word_1_245' title='bbox 1169 2955 1492 3025; x_wconf 77' lang='grc' dir='ltr'>ἐξελασθεὶς</span> <span class='ocrx_word' id='word_1_246' title='bbox 1519 2955 1578 3014; x_wconf 84' lang='grc' dir='ltr'>δέ</span> <span class='ocrx_word' id='word_1_247' title='bbox 1610 2955 1856 3017; x_wconf 81' lang='grc' dir='ltr'>ἐνθεῦτεν</span> 
     </span>
     <span class='ocr_line' id='line_1_35' title="bbox 255 3043 1852 3126; baseline -0.003 -21"><span class='ocrx_word' id='word_1_248' title='bbox 255 3046 420 3126; x_wconf 80' lang='grc' dir='ltr'>τρίτῳ</span> <span class='ocrx_word' id='word_1_249' title='bbox 459 3045 567 3104; x_wconf 79' lang='grc' dir='ltr'>ἔτεϊ</span> <span class='ocrx_word' id='word_1_250' title='bbox 603 3044 714 3104; x_wconf 76' lang='grc' dir='ltr'>ὖπὸ</span> <span class='ocrx_word' id='word_1_251' title='bbox 755 3046 993 3103; x_wconf 90' lang='grc' dir='ltr'>Μακέων</span> <span class='ocrx_word' id='word_1_252' title='bbox 1028 3070 1091 3102; x_wconf 90' lang='grc' dir='ltr'>τε</span> <span class='ocrx_word' id='word_1_253' title='bbox 1126 3044 1219 3112; x_wconf 73' lang='grc' dir='ltr'>καὶ</span> <span class='ocrx_word' id='word_1_254' title='bbox 1250 3043 1480 3119; x_wconf 88' lang='grc' dir='ltr'>Λιβύων</span> <span class='ocrx_word' id='word_1_255' title='bbox 1507 3043 1599 3101; x_wconf 78' lang='grc' dir='ltr'>καὶ</span> <span class='ocrx_word' id='word_1_256' title='bbox 1627 3047 1852 3123; x_wconf 86' lang='grc' dir='ltr'>Καρχη-</span> 
     </span>
    </p>

    <p class='ocr_par' dir='ltr' id='par_1_5' title="bbox 161 3129 1857 3302">
     <span class='ocr_line' id='line_1_36' title="bbox 161 3129 1856 3207; baseline 0.002 -16"><span class='ocrx_word' id='word_1_257' title='bbox 161 3134 238 3191; x_wconf 81' lang='lat'>43</span> <span class='ocrx_word' id='word_1_258' title='bbox 258 3133 465 3206; x_wconf 83' lang='grc' dir='ltr'>δονίων,</span> <span class='ocrx_word' id='word_1_259' title='bbox 493 3132 723 3194; x_wconf 78' lang='grc' dir='ltr'>ἀπίκετο</span> <span class='ocrx_word' id='word_1_260' title='bbox 760 3138 815 3196; x_wconf 82' lang='grc' dir='ltr'>ἐς</span> <span class='ocrx_word' id='word_1_261' title='bbox 850 3132 1314 3207; x_wconf 88' lang='grc' dir='ltr'>Πελοπόννησον.</span> <span class='ocrx_word' id='word_1_262' title='bbox 1396 3129 1672 3190; x_wconf 82' lang='grc' dir='ltr'>Ἐνθαΰτα</span> <span class='ocrx_word' id='word_1_263' title='bbox 1708 3130 1773 3190; x_wconf 85' lang='grc' dir='ltr'>δέ</span> <span class='ocrx_word' id='word_1_264' title='bbox 1804 3135 1856 3194; x_wconf 74' lang='grc' dir='ltr'>οἱ</span> 
     </span>
     <span class='ocr_line' id='line_1_37' title="bbox 257 3216 1857 3302; baseline 0.001 -24"><span class='ocrx_word' id='word_1_265' title='bbox 257 3218 602 3302; x_wconf 81' lang='grc' dir='ltr'>Ἀντιχάρης,</span> <span class='ocrx_word' id='word_1_266' title='bbox 644 3220 786 3299; x_wconf 81' lang='grc' dir='ltr'>ἀνὴρ</span> <span class='ocrx_word' id='word_1_267' title='bbox 837 3219 1129 3283; x_wconf 79' lang='grc' dir='ltr'>Ἐλεώνιος</span> <span class='ocrx_word' id='word_1_268' title='bbox 1179 3216 1601 3296; x_wconf 76' lang='grc' dir='ltr'>συνεβούλευσε</span> <span class='ocrx_word' id='word_1_269' title='bbox 1646 3219 1709 3278; x_wconf 80' lang='grc' dir='ltr'>ἐκ</span> <span class='ocrx_word' id='word_1_270' title='bbox 1748 3223 1857 3281; x_wconf 75' lang='grc' dir='ltr'>τῶν</span> 
     </span>
    </p>
   </div>
  </div>
 </body>
</html>
