2100 3409
142 59 493 143 2053—2111‘
792 116 796 119 ,
857 75 1229 130 nonum&
1685 81 1779 134 207

145 165 342 224 πόλιν
368 163 484 219 τῶν
511 161 572 218 ἐν
586 155 844 231 Ἕλλησι
875 157 1246 232 προσφέρεαι,
1274 156 1366 215 καὶ
1394 155 1594 234 ἄνδρας
1618 158 1777 236 ἅρίσ-

149 249 354 314 τους.”
443 246 621 323 κάρτα
671 270 734 304 τε
787 243 854 319 δὴ
905 242 1122 303 ἄπιστα
1173 245 1355 322 Ξέρξῃ
1402 246 1659 320 ἐφαίνετο
1708 247 1782 306 τοὶ

152 337 460 420 λεγόμενα
488 334 643 403 εἶναι,
672 333 763 391 καὶ
789 330 1015 409 δεύτερα
1050 332 1318 409 ἐπειρώτα
1354 331 1539 392 ὅντινα
1570 332 1782 409 τρόπον

153 429 445 488 τοσοῦτοι
484 422 665 484 ἐόντες
695 423 767 499 τῇ
805 423 1006 479 ἑωυτοῦ
1042 423 1282 498 στρατιῇ
1315 420 1697 498 μαχέσονται·
1684 466 1699 489 ,
1749 421 1781 481 ὅ

156 514 225 574 δὲ
251 513 403 573 εἶπε·
433 521 469 546 “
499 510 526 534 ’
486 511 871 586 ωβασιλεΰ,’
845 508 972 585 εμοὶ
997 508 1310 586 xpc‘ioOat‘
1269 535 1340 572 ως
1358 507 1518 615 ἀνδρθὶ
1543 507 1780 587 ψεύστῃ,
1859 544 1865 549 -

156 599 237 678 ἦν
266 625 353 677 μη
366 595 561 658 ταῦτα’.
585 623 676 657 τοι
701 595 877 675 ταύτῃ
903 597 1050 674 ἐκβῇ
1076 598 1150 674 τῇ
1175 595 1283 676 ἐγω
1309 594 1509 677 λέγωῗ

252 691 453 745 Ταῦτα
487 685 667 766 λέγων
702 683 801 744 οὐκ
841 684 1024 743 ἔπειθε
1061 683 1161 743 τὸν
1195 684 1425 760 Ξέρξεα·
1465 686 1742 761 τέσσερας
1760 685 1877 743 210

164 778 280 853 μὲν
322 773 396 850 δὴ
430 773 710 850 παρεξῆκε
749 771 975 849 ἡμέρας,
1006 771 1243 841 ἐλπίζων
1278 771 1389 830 αἰεί
1427 777 1611 848 σφεας
1645 770 1783 830 α’,πο-

167 862 515 940 δρήσεσθαι·
552 861 783 938 πέμπτῃ
811 860 886 928 δὲ,
916 858 988 921 ὦς
1007 857 1108 918 οὐκ
1135 856 1601 929 ἀπαλλάσσοντο,
1630 858 1784 919 ἄλλοί

170 954 230 1009 οἷ
272 950 571 1025 ἐφαίνοντο
607 947 852 1024 ἀναιδείῃ
883 972 945 1006 τε
982 948 1074 1006 καὶ
1109 945 1360 1026 ἀβουλίῃ
1391 948 1782 1025 διαχρεώμενοι

171 1038 384 1114 μένειν,
414 1037 623 1111 πέμπει
653 1032 736 1094 ἐπ’
767 1034 965 1096 αὐτοῦς
999 1034 1231 1110 Μήδους
1267 1061 1331 1094 τε
1372 1036 1463 1093 καὶ
1504 1036 1783 1098 Κισσίους

173 1124 469 1200 θυμωθεὶς,
499 1121 880 1200 ἐντειλάμενός
911 1129 1097 1197 σφεας
1127 1122 1521 1202 ζωγρήσαντας
1547 1121 1700 1202 ἄγειν
1725 1128 1780 1186 ἐς

172 1211 312 1288 ὄψιν
344 1210 449 1286 τήν
479 1214 698 1269 ἑωυτοῦ·
740 1209 811 1272 ὥς
845 1208 892 1268 δ’
921 1211 1197 1279 ἐπέπεσον
1225 1210 1524 1285 φερόμενοι
1561 1214 1617 1272 ἐς
1633 1210 1780 1274 τοῦς

164 1291 463 1379 ᾲΕλληνας
497 1302 551 1357 οἱ
585 1289 792 1373 Μῆδοι,
829 1298 1061 1356 ἔπιπτον
1098 1296 1330 1355 πολλοί·
1374 1295 1544 1355 αλλοι
1581 1296 1627 1356 δ’
1660 1303 1781 1357 ἐπε-

175 1386 414 1461 σήῖσαν,
445 1385 534 1444 καὶ
561 1411 663 1444 ουκ
694 1383 1073 1444 ἅπελαύνοπο
1101 1384 1297 1463 καίπερ
1322 1385 1580 1484 μεγάλως
1602 1411 1781 1463 προσ-

175 1468 491 1528 πταίοντες·
519 1467 692 1541 δῆλον
718 1465 763 1524 δ’
781 1464 1006 1526 ἐποίευν
1022 1466 1195 1526 παντί
1215 1491 1318 1545 τεω
1339 1468 1433 1525 καὶ
1458 1492 1557 1526 ουκ
1575 1466 1783 1543 ἥκιστα

174 1554 330 1632 αὐτῷ
353 1553 669 1630 βασιλέῖ,”
637 1579 725 1614 οτι
761 1553 970 1612 πολλοὶ
1006 1558 1106 1630 μὲν
1137 1553 1417 1631 ανθρωποι
1453 1554 1562 1614 εἷεν
1593 1554 1781 1637 ολίγοι

172 1643 243 1703 δὲ
269 1642 482 1718 ἄνδρες.
544 1642 754 1723 ἐγίνετο
781 1641 840 1700 δὲ
858 1641 896 1716 ἦ
918 1641 1191 1717 συμβολὴ
1214 1642 1281 1700 δι’
1296 1642 1517 1718 ἡμέρης.
1582 1640 1748 1702 Ἐπεί
1758 1644 1870 1704 211

173 1756 244 1792 τε
274 1730 337 1789 δὲ
379 1732 433 1789 οἱ
467 1730 657 1806 Μῆδοι
688 1730 934 1807 τρηχέως
965 1730 1331 1806 περιείποντο,
1365 1730 1601 1789 ἐνθαῦτα
1631 1727 1786 1789 οὗτοι

170 1820 286 1897 μὲν
329 1816 653 1893 ὖπεξήῖσαν,
699 1820 753 1876 οἱ
792 1818 852 1876 δὲ
892 1818 1117 1893 Πέρσαι
1158 1816 1506 1893 ἐκδεξάμενοι
1546 1817 1785 1891 ἐπήῖσαν

175 1905 313 1968 τούς
338 1903 646 1967 ἀθανάτους
670 1903 865 1965 ἐκάλεε
891 1905 1185 1980 βασιλεῦς,
1205 1909 1316 1962 τῶν
1336 1902 1475 1981 ἦρχε
1499 1903 1783 1979 Ὑδάρνης,

176 1991 255 2054 ὥς
278 1991 351 2067 δὴ
380 1989 541 2052 οὗτοί
560 2019 630 2073 γε
662 1991 925 2056 εὐπετέως
958 1993 1450 2072 κατεργασόμενοι·
1493 1989 1564 2052 ὥς
1598 1990 1658 2048 δὲ
1694 1990 1787 2048 καὶ

174 2077 341 2141 οὗτοι
371 2081 716 2161 συνέμισγον
754 2083 907 2140 τοῖσι
938 2079 1211 2155 Ἕλλησι,
1246 2077 1403 2138 οὐδὲν
1441 2077 1619 2137 πλέον
1660 2077 1786 2153 ἐφέ-

177 2193 349 2246 ροντο
375 2172 480 2243 τῆς
505 2173 770 2245 στρατιῆς
799 2171 900 2243 τῆς
932 2167 1190 2242 Μηδικῆς
1216 2165 1371 2225 ἀλλὰ
1400 2165 1473 2225 τοὶ
1504 2164 1662 2234 αὐτὰ,
1690 2162 1788 2224 ἅτε

179 2261 243 2315 ἐν
278 2255 622 2334 στεινοπόρῳ
652 2282 714 2316 τε
749 2253 911 2334 χώρῳ
937 2254 1252 2333 μαχόμενοι
1282 2254 1374 2311 καὶ
1411 2253 1612 2330 δόρασι
1645 2254 1787 2330 βρα-

177 2343 472 2421 χυτέροισι
496 2343 799 2422 χρεώμενοι
822 2341 968 2419 ἤπερ
996 2345 1049 2401 οἱ
1065 2341 1357 2416 Ἕλληνες,
1388 2343 1480 2401 καὶ
1506 2341 1606 2400 οὐκ
1639 2342 1789 2420 ἔχον-

178 2457 272 2493 τες
298 2430 509 2506 πλήθεϊ
534 2430 884 2511 χρήσασθαι.
954 2428 1383 2503 Λακεδαιμόνιοι
1417 2429 1478 2486 δὲ
1514 2428 1791 2508 ἐμάχοντο

179 2519 348 2588 ἀξίως
372 2518 569 2599 λόγου,
589 2518 752 2578 ’ἄλλα
775 2542 840 2578 τε
865 2515 1316 2590 ἀποδεικνύμενοι
1346 2521 1404 2574 ἐν
1427 2516 1528 2574 οὐκ
1563 2522 1789 2575 ἐπιστα-

178 2607 407 2683 μένοισι
432 2603 723 2684 μάχεσθαι
743 2603 1182 2678 ἐξεπιστάμενοι,
1207 2602 1297 2659 καὶ
1319 2601 1456 2664 ὅκως
1476 2605 1792 2680 ἐντρέψειαν

178 2695 251 2755 τοὶ
296 2698 461 2763 νῶτα,
506 2693 668 2754 οἶλέες
711 2692 1025 2772 φευγεσκον
1070 2689 1255 2764 δῆθεν·
1305 2693 1358 2749 οἱ
1399 2689 1458 2748 δὲ
1500 2689 1793 2767 βάρβαροι

181 2782 447 2858 ορέωντες
475 2783 787 2861 φεύγοντας
819 2781 939 2858 βοῇ
964 2805 1028 2839 τε
1062 2778 1155 2837 καὶ
1190 2804 1421 2859 παταγω
1457 2778 1711 2853 ἐπήϊσαν,
1740 2803 1794 2836 οι

181 2869 228 2929 δ’
278 2867 348 2928 ἂν
399 2867 969 2944 καταλαμβανόμενοι
1013 2865 1372 2941 ὑπέστρεφον
1423 2865 1602 2926 ἀντίοι
1655 2865 1793 2929 εἶναι

178 2960 337 3016 τοῖσι
369 2956 748 3032 βαρβάροισι·
790 2950 1310 3031 μεταστρεφόμενοι
1345 2955 1403 3013 δὲ
1436 2955 1795 3028 κατέβαλλον

179 3043 397 3120 πλήθεϊ
432 3043 840 3121 αναριθμήτους
871 3046 981 3103 τῶν
1014 3041 1301 3118 Περσέων·
1347 3043 1575 3100 ἔπιπτον
1609 3038 1668 3094 δὲ
1703 3038 1794 3095 καὶ

182 3133 370 3193 αυτῶν
414 3136 527 3192 τῶν
571 3131 961 3210 Σπαρτιητέων
1008 3131 1245 3190 ἐνθαυτα
1293 3130 1495 3207 ὄλιγοι.
1579 3123 1696 3182 ἐπεὶ
1736 3122 1796 3181 δὲ

183 3218 346 3281 οὐδὲν
387 3217 645 3281 ἐδυνέατο
684 3220 1043 3297 παραλαβεῖν
1083 3243 1140 3276 οι
1185 3217 1410 3293 Πέρσαι
1453 3214 1556 3286 τῆς
1595 3207 1797 3271 ἐσόδου
