2100 3409
27 15 167 59 U.

164 74 448 139 109—111]
782 77 1155 129 ΚΔΔΔῙΟΠΠ.
1668 81 1762 129 333

162 156 227 216 δὲ
278 154 386 242 τήν
433 154 724 232 Ἑλλήνων
762 159 1056 238 γλῶσσαν,
1097 155 1457 217 ΤΕΛΕῙΟΝ·
1507 157 1636 218 τότε
1676 159 1771 218 καὶ

160 242 272 320 τήν
300 242 556 319 κεφαλὴν
591 248 805 320 σμᾶται
835 248 1044 321 μοῦνον
1080 244 1375 322 βασιλεῦς,
1411 246 1505 305 καὶ
1539 247 1771 323 Πέρσας

162 330 447 408 δωρέεται·
487 329 692 407 ταύτην
717 330 784 407 δή
812 333 916 409 τήν
949 332 1164 411 ἠμέρην
1190 332 1499 409 φυλάξασα
1522 333 1562 408 ἦ
1588 331 1769 411 Ἀμη-

68 488 77 495 ‚
162 444 346 496 στρις,
370 415 567 498 χρῄζει
590 423 693 478 τοῦ
723 420 939 497 Ξέρξεω
975 420 1211 496 δοθῆναί
1243 425 1297 480 οἱ
1327 420 1432 498 τήν
1459 424 1772 482 Μασίστεω

161 510 421 589 γυναῖκα·
464 505 495 565 ὁ
522 506 582 564 δὲ
608 505 785 567 δεινόν
809 533 872 567 τε
900 508 992 567 καὶ
1018 507 1290 585 α’νέρσιον
1318 509 1578 583 ἐποιέετο,
1601 514 1769 569 τοῦτο

161 596 273 672 μὲν
318 592 601 669 ἀδελφεοῦ
642 598 876 675 γυναῖκα
909 596 1267 673 παραδοῦναι,
1310 600 1480 656 τοῦτο
1521 598 1581 657 δὲ
1621 596 1769 658 ἄναι-

161 682 295 757 τῖην
342 684 545 742 ἐοῦσαν
596 685 697 741 τοῦ
750 682 1080 763 πρήγματος
1120 683 1340 744 τούτου·
1409 689 1616 761 συνῆκε
1660 685 1771 766 γσῖρ

163 773 272 830 τοῦ
298 769 498 830 εἵνεκεν
533 769 732 832 ἐδέετο.
813 771 992 834 Τέλος
1022 772 1232 848 μέντοι,
1259 772 1439 847 κείνης
1469 797 1533 831 τε
1565 777 1732 831 λιπα-
1751 774 1862 836 lll

162 856 409 936 ρεούσης
436 857 528 916 καὶ
552 856 663 917 ὖπό
688 860 790 918 τοῦ
822 856 996 934 νόμου
1037 858 1413 941 ἐξεργόμενος·
1454 857 1541 918 ὅτι
1567 859 1773 939 ἀτυχῆ-

168 971 274 1005 σαι
307 944 409 1006 τὸν
446 944 727 1024 χρῄζοντα
766 944 831 1006 οὔ
872 952 986 1022 σφι
1025 946 1256 1007 δυνατόν
1296 951 1422 1006 ἐστι
1458 945 1773 1024 βασιληίου

168 1033 396 1094 δείπνου
422 1035 801 1110 προκειμένου·
841 1033 1017 1111 κάρτα
1043 1034 1113 1110 δή
1139 1034 1313 1096 ἀέκων
1340 1035 1638 1096 κατανεύει·
1682 1036 1774 1094 καὶ
2051 1024 2054 1081 Ὗ

167 1119 455 1198 παραδοῦς
499 1122 675 1181 ποιέει
717 1119 838 1181 ὦδε·
906 1121 1011 1197 τὴν
1050 1124 1156 1198 μὲν
1202 1122 1414 1181 κελεύει
1456 1123 1663 1183 ποιέειν
1701 1122 1775 1182 τοὶ

168 1207 464 1285 βούλεται,
491 1208 525 1269 ὅ
551 1209 630 1268 δὲ·
642 1207 1148 1287 μεταπεμψάμενος
1181 1208 1282 1270 τόν
1317 1207 1595 1284 α’,δελφεόν
1620 1210 1777 1290 λέγει

168 1295 324 1356 τάδε·
367 1306 403 1332 “
419 1297 715 1368 Μασίστα,
739 1297 816 1357 m)
858 1296 935 1361 εἷς
966 1297 1209 1373 Δαρείου
1237 1323 1299 1357 τε
1335 1300 1482 1365 παῖς,
1518 1297 1611 1355 καὶ
1644 1295 1778 1373 ἐμὸς

170 1382 472 1461 ἀδελφεός·
512 1384 652 1462 πρὸς
677 1383 724 1444 δ’
754 1385 834 1445 ἔτι
857 1384 1128 1454 τούτοισι,
1157 1384 1250 1444 καὶ
1276 1383 1351 1448 εἷς
1376 1383 1516 1461 ἀνὴρ
1542 1382 1772 1465 ἀγαθός·

167 1472 393 1553 γυναικὶ
439 1471 507 1547 δὴ
549 1471 723 1551 ταύτῃ
767 1477 840 1552 τῇ
880 1477 978 1534 νῦν
1018 1473 1336 1543 συνοικέεις,
1381 1473 1464 1550 μή
1506 1473 1776 1534 συνοίκεε·

169 1558 333 1619 ἀλλά
357 1585 447 1619 τοι
472 1558 587 1620 ἀντ’
614 1558 784 1635 αὐτῆς
810 1560 918 1640 ε’γῶ
954 1560 1148 1636 δίδωμι
1176 1562 1454 1641 θυγατέρα
1486 1560 1592 1636 τήν
1619 1560 1776 1637 ἐμήν·

166 1646 350 1726 ταύτῃ
377 1648 643 1720 συνοίκεε,
671 1647 775 1724 τήν
803 1648 862 1707 δὲ
888 1650 986 1707 νῦν
1011 1648 1171 1727 ἔχεις,
1199 1646 1263 1706 οὐ
1293 1647 1403 1727 γοὶρ
1430 1647 1609 1706 δοκέει
1636 1648 1778 1724 ἐμοὶ,

165 1737 255 1814 μή
303 1737 397 1815 ἔχε
436 1734 720 1818 γυναῖκα·”
759 1734 793 1795 ὅ
835 1735 895 1795 δὲ
938 1735 1247 1810 Μασίστης
1288 1733 1667 1811 ἀποθωμάσας
1707 1735 1780 1794 ταῖ

166 1822 473 1905 λεγόμενα,
501 1824 657 1905 λέγει
680 1822 831 1883 τάδε·
876 1830 911 1858 “
929 1821 971 1881 ὦ
1009 1822 1276 1892 δέσποτα,
1303 1823 1427 1882 τίνα
1464 1847 1564 1898 μοι
1604 1821 1780 1904 λόγον

166 1912 364 1993 λέγεις
406 1910 707 1990 ἄχρηστον,
756 1909 991 1971 κελεύων
1031 1936 1105 1986 με
1149 1913 1403 1991 γυναῖκα,
1437 1914 1499 1969 ἐκ
1539 1913 1640 1986 τῆς
1683 1935 1785 1986 μοι

166 1997 373 2062 παῖδες
415 2000 620 2074 νεηνίαι
660 2001 726 2058 τέ
765 2002 876 2057 εἶσι
923 1998 1015 2056 καὶ
1063 1997 1374 2074 θυγατέρες,
1416 2001 1527 2057 τῶν
1568 1997 1660 2057 καὶ
1704 1996 1781 2057 (n)

113 2158 121 2167 .
168 2087 315 2165 μίαν
339 2090 416 2165 τῷ
441 2086 596 2146 παιδὶ
626 2090 703 2165 τῷ
735 2089 982 2146 σεωυτοῦ
1016 2085 1228 2167 ἠγάγεο
1264 2089 1515 2167 γυναῖκα,
1542 2084 1683 2161 αὐτή
1715 2085 1781 2144 τέ

171 2200 278 2253 μοι
329 2173 467 2234 κατὰ
514 2173 641 2235 νόον
686 2172 951 2255 τυγχάνει
996 2172 1175 2282 κάρτα
1222 2177 1412 2244 ἐοῦσα,
1455 2172 1661 2248 ταύτην
1705 2197 1779 2248 με

175 2260 424 2325 κελεύεις
448 2263 698 2337 μετέντα,
727 2261 1003 2342 θυγατέρα
1028 2261 1134 2337 τήν
1159 2260 1282 2338 σήν
1305 2266 1519 2344 'yffi-“²⁴3
1559 2261 1671 2351 ἐγω
1704 2260 1781 2330 δε,

174 2351 450 2427 βασιλεῦ,
496 2350 644 2430 μέγα
688 2351 793 2426 μὲν
834 2352 1099 2427 ποιεῦμαι
1151 2349 1467 2427 ἐξιώμενος
1513 2338 1787 2431 θνγατρος

174 2441 282 2514 τῆς
330 2441 454 2512 σῆς,
499 2436 719 2514 ποιήσω
766 2437 959 2515 μέντοι
1002 2436 1213 2497 τούτων
1257 2437 1534 2514 ουδέτερα·
1603 2461 1679 2495 συ
1726 2436 1796 2496 δε.

175 2525 451 2603 μηδαμως
475 2527 589 2602 βιω
613 2524 944 2635 πρήγματος
968 2524 1186 2584 τοιοῦδε
1217 2523 1492 2600 δεόμενος·
1533 2521 1689 2580 ἀλλὰ
1712 2526 1786 2601 τῇ

176 2640 243 2674 τε
285 2617 366 2692 σῇ
413 2613 647 2694 θυγατρι
688 2612 828 2690 ἀνὴρ
871 2610 1052 2676 ἄλλος
1094 2609 1410 2688 φανήσεται
1455 2613 1585 2685 ἐμεῦ
1629 2609 1787 2669 ουδὲν

178 2701 400 2778 ἥσσων,
445 2703 546 2779 ἐμέ
584 2727 648 2761 τε
695 2701 757 2760 ἔα
803 2700 1023 2781 γυναικὶ
1057 2702 1131 2777 τῇ
1171 2702 1279 2777 ἐμῇ
1320 2697 1637 2759 συνοικέειν.
1642 2697 1673 2717 '’
1754 2725 1787 2758 ο

178 2793 288 2868 μὲν
334 2789 403 2865 δή
450 2787 756 2849 τοιούτοισι
797 2787 1113 2865 ἀμείβεται·
1166 2786 1380 2864 Ξέρξης
1420 2785 1481 2845 δε
1522 2786 1790 2864 θυμωθεὶς

58 2928 63 2961 3
181 2878 343 2958 λέγει
384 2876 534 2936 τάδε·
577 2887 613 2912 “
630 2876 772 2936 οὕτω
812 2901 917 2946 τοι,
962 2876 1262 2945 Μασίστα,
1289 2875 1620 2953 πέπρηκται·
1664 2900 1790 2933 ουτε

60 2968 63 3031 i
183 2964 305 3077 γὰρ
347 2963 415 3023 ἄν
460 2990 550 3025 τοι
596 2963 740 3044 δῴην
787 2964 1066 3046 θυγατέρα
1102 2989 1208 3039 την
1248 2962 1388 3070 ἐμην
1424 2965 1619 3042 γῆμαι,
1663 2959 1790 3020 οὔτε

185 3053 369 3131 ἐκείνῃ
404 3056 621 3114 πλεῦνα
655 3050 860 3131 χρόνον
891 3050 1264 3127 συνοικήσεις·
1306 3077 1378 3114 ως
1410 3048 1593 3126 μάθῃς
1616 3073 1688 3107 τα
1713 3046 1790 3106 δι-

185 3141 396 3219 δόμενα
448 3138 757 3200 δέκεσθαιῖἲ
839 3166 870 3199 ο
919 3138 980 3198 δὲ
1025 3138 1096 3202 ὦς
1139 3141 1316 3199 ταῦτα
1360 3136 1585 3212 ἤκουσε,
1633 3133 1793 3198 εἴπας

186 3228 444 3298 τοσόνδε,
508 3227 707 3306 ἐχώρεε
766 3227 885 3296 ἔξω·
968 3235 1003 3262 “
1020 3225 1287 3295 δέσποτα,
1342 3223 1408 3285 οὗ
1467 3221 1536 3296 δή
1594 3221 1672 3281 κώ
1723 3248 1794 3289 με

248 3306 447 3357 ΙῙ.-26
1757 3368 1786 3371 ψ
1799 3323 2071 3371 μ4,..-
