2100 3409
219 62 282 111 48
832 55 1208 103 ἨΡΟΔΟΤΟΤ
1816 93 1829 107 ,

213 134 636 214 ἀρρωδήσαντες
661 131 851 193 αὐτοῦ.
923 132 1046 189 ἐπεί
1078 157 1140 191 τε
1167 132 1227 190 δὲ
1254 134 1307 191 οἱ
1333 132 1576 196 Παίονες
1599 129 1832 192 ἀπικέα-

213 252 281 285 το
311 226 400 282 ἐπὶ
429 223 735 284 θάλασσαν
762 221 1016 281 ἐνθεῦτεν
1037 225 1094 283 ἐς
1119 220 1263 280 Χίον
1290 218 1585 295 διέβησαν·
1630 219 1832 283 ἐόντων

213 314 274 373 δὲ
299 313 407 389 ἤδη
438 318 495 372 ἐν
514 312 652 390 Χίῳ,
683 309 826 369 κατά
854 307 1031 372 πόδας
1059 307 1335 384 ἐληλύθεε
1362 308 1644 386 Περσέων
1660 308 1832 374 ἵππος

211 400 408 477 πολλῆ
451 400 731 460 διώκουσα
765 398 896 461 τούς
930 397 1202 461 Παίονας.
1281 395 1357 458 ὥς
1394 396 1454 455 δὲ
1486 395 1553 455 οὖ
1592 397 1829 457 κατέλα-

209 493 342 568 βον,
374 486 798 568 ἐπηγγέλλοντο
840 490 896 550 ἐς
929 484 1036 562 τήν
1053 487 1206 546 ’Χίον
1242 488 1396 545 τοῖσι
1426 486 1660 555 Παίοσι,
1689 485 1829 551 ὅκως

210 577 279 638 ἂν
307 577 492 636 ὀπίσω
519 574 839 634 ἀπέλθοιεν·
883 577 938 634 οἶ
969 573 1030 633 δὲ
1057 574 1299 636 Παίονες
1332 572 1461 634 τούς
1489 572 1699 653 λόγους
1726 574 1826 634 οὐκ

212 664 550 726 ἐνεδέκοντο·
593 661 723 721 ἀλλ’
750 667 813 723 ἐκ
840 663 984 722 Χίου
1009 664 1115 738 μὲν
1141 662 1284 720 Χῖοί
1296 666 1481 735 σφεας
1509 665 1563 722 ἐς
1582 661 1827 736 Λέσβον

209 751 443 832 ἤγαγον,
472 750 721 827 Λέσβιοι
757 750 819 809 δὲ
845 754 901 813 ἐς
928 750 1216 826 Δορίσκον
1242 747 1530 824 ἐκόμισαν·
1574 748 1826 809 ἐνθεῦτεν

214 839 276 899 δὲ
313 839 455 917 πεζῇ
500 838 852 915 κομιζόμενοι
893 836 1162 897 ἀπικέατο
1205 841 1261 899 ἐς
1301 837 1592 911 Παιονίην.

113 928 189 987 99
288 924 699 1006 Ἀρισταγόρης
729 926 805 995 δε,
836 925 1035 1001 ἐπειδὴ
1061 925 1120 983 οἵ
1144 950 1206 984 τε
1230 923 1520 999 Ἀθηναῖοι
1552 922 1825 986 ἀπικέατο

209 1016 389 1074 εἴκοσι
404 1014 569 1121 νηυσὶ
596 1012 716 1090 ἅμα
742 1012 1008 1094 ἀγόμενοι
1023 1011 1344 1088 Ἐρετριέων
1363 1012 1529 1071 πέντε
1547 1011 1821 1089 τριήρεας,

208 1129 262 1161 οι
298 1100 364 1161 οὗ
401 1100 506 1177 τὴν
531 1099 840 1176 Ἀθηναίων
875 1099 1042 1179 χάριν
1079 1098 1495 1175 ἐστρατευοντο,
1527 1096 1685 1158 ἀλλά
1719 1099 1823 1176 τήν

206 1216 389 1251 αυτων
430 1189 750 1265 Μιλησίων,
786 1186 1134 1266 ὄφειλόμσά
1166 1193 1280 1262 σφι
1321 1185 1696 1249 ἀποδιδόντες·
1745 1184 1821 1266 (οῖ

204 1276 315 1358 γάρ
337 1277 405 1353 δὴ
430 1277 716 1352 Μιλήσιοι
734 1275 1009 1354 πρότερον
1026 1278 1181 1335 τοῖσι
1196 1273 1543 1350 Ἐρετριεῦσι
1562 1273 1662 1333 τὸν
1681 1274 1821 1349 πρός

209 1365 530 1426 Χαλκιδέας
547 1364 804 1440 πόλεμον
832 1362 1232 1438 συνδιήνεικαν,
1256 1361 1349 1421 ὅτε
1368 1386 1474 1438 περ
1496 1362 1589 1420 καὶ
1609 1365 1821 1421 Χαλκι-

206 1453 366 1511 δεῦσι
408 1451 568 1511 ἀντία
607 1449 929 1528 Ἐρετριέων
971 1451 1063 1509 καὶ
1105 1450 1408 1525 Μιλησίων
1449 1447 1653 1525 Σάμιοι
1691 1451 1821 1525 ἐβο-

205 1538 418 1615 ήθεον)
464 1536 619 1598 οὗτοι
651 1537 725 1598 ὦν
758 1539 884 1597 ἐπεί
911 1537 978 1599 τέ
1008 1544 1122 1616 σφι
1148 1535 1419 1597 ἀπικέατο
1448 1536 1541 1595 καὶ
1565 1540 1621 1595 οἱ
1648 1536 1821 1598 ἄλλοι

207 1626 502 1705 σύμμαχοι
537 1624 820 1704 παρήσαν,
849 1627 1097 1686 ἐποιέετο
1137 1626 1445 1702 στρατηίην
1484 1623 1518 1683 ὅ
1555 1623 1820 1701 Ἀριστα-

148 1727 151 1732 “
204 1714 377 1795 γόρης
425 1719 480 1777 ἐς
527 1713 747 1792 Σάρδις.
830 1713 997 1777 αὐτὰς
1037 1716 1144 1791 μὲν
1191 1711 1263 1788 δή
1311 1711 1411 1771 οὐκ
1454 1711 1821 1788 ἐστρατεύετο

204 1800 337 1860 ἀλλ’
366 1803 520 1879 ἔμενε
562 1807 620 1862 ἐν
661 1801 920 1883 Μιλήτῳ·
962 1799 1315 1882 στρατηγοῦς
1348 1801 1407 1860 δὲ
1438 1798 1650 1862 ἅλλους
1686 1799 1819 1859 οἷπέ-

205 1889 326 1960 δεξε
355 1892 677 1967 Μιλησίων.
693 1891 848 1962 εἶναι,
863 1890 975 1952 ,τὸν
1001 1893 1204 1950 ἑωυτοῦ
1230 1916 1293 1948 τε
1319 1886 1601 1964 ἀδελφεὰν
1634 1894 1817 1966 Χαρο-

117 1979 233 2038 100
252 1983 416 2039 πῖνον
443 1980 663 2039 καὶτῶν
689 1978 882 2038 ἄλλων
909 1978 1099 2038 ἀστῶν
1123 1976 1534 2054 Ἑρμόφαντον.
1591 1975 1819 2036 Ἀπικό-

205 2092 365 2143 μενοι
405 2068 465 2126 δὲ
502 2070 582 2144 τῷ
608 2065 802 2143 στόλῳ
833 2065 1011 2143 τούτῳ
1036 2065 1224 2128 Ἴωνες
1255 2070 1309 2127 ἐς
1326 2064 1601 2140 Ἔφεσον,
1638 2059 1819 2125 πλοῖα

205 2157 309 2231 μὲν
342 2156 644 2214 κατέλιπον
683 2158 742 2211 ἐν
779 2153 1071 2231 Κορήσσῳ
1103 2158 1204 2229 τῆς
1244 2152 1534 2228 Ἐφεσίης,
1574 2151 1733 2212 αὐτοὶ
1759 2154 1819 2213 δὲ

206 2242 505 2317 ἀνέβαινον
540 2242 688 2320 χειρὶ
739 2244 936 2319 πολλῇ
977 2241 1295 2317 ποιεύμενοι
1341 2240 1645 2316 Ἐφεσίους
1691 2240 1811 2320 ἦγε·

205 2329 399 2406 μόνας·
452 2328 819 2405 πορευόμενοι
872 2328 932 2387 δὲ
976 2328 1133 2405 παρὰ
1178 2329 1436 2405 ποταμὸν
1476 2327 1815 2405 Καΰστριον,

208 2419 456 2476 ἐνθεῦτεν
493 2417 617 2474 ἐπεί
643 2442 705 2475 τε
739 2416 1086 2494 ὑπερβάντες
1117 2415 1217 2475 τᾶν
1249 2420 1488 2492 Τμῶλον
1524 2414 1812 2490 ἀπίκοντο,

207 2504 459 2580 αἱρέουσι
498 2503 715 2580 Σάρδις,
745 2504 964 2567 οὐδενός
989 2511 1103 2579 σφι
1130 2502 1507 2566 ἀντιωθέντος·
1565 2505 1818 2581 αἱρέουσι

208 2592 267 2651 δὲ
290 2591 461 2670 χωρὶς
477 2596 579 2668 τῆς
605 2591 944 2669 ἀκροπόλιος
968 2591 1158 2651 τᾶλλα
1188 2591 1392 2651 πάντα·
1434 2592 1538 2666 τήν
1567 2592 1627 2650 δὲ
1656 2592 1817 2670 ἀκρό-

212 2684 376 2739 πολιν
424 2679 612 2756 ἐρύετο
645 2680 812 2743 αὐτὸς
844 2679 1245 2757 Ἀρταφέρνης,
1278 2680 1420 2757 ἔχων
1460 2678 1696 2755 δύναμιν
1725 2680 1817 2739 α’ν-

115 2769 225 2827 lOl
248 2768 391 2844 δρῶν
418 2767 517 2826 οὐκ
547 2766 765 2847 ὀλίγην.
849 2767 928 2826 Τὸ
971 2768 1030 2826 δὲ
1070 2767 1152 2844 μή
1182 2771 1539 2842 λεηλατῆσαι
1588 2768 1819 2830 ἑλόντας

92 2900 99 2906 -
207 2856 393 2929 σφέας
417 2855 521 2928 τὴν
547 2854 732 2924 πόλιν,
763 2857 897 2933 ἔσχε
924 2854 1070 2914 τόδε·
1107 2854 1270 2929 ’ἦσαν
1308 2859 1367 2913 ἐν
1406 2858 1544 2932 τῇσι
1579 2855 1818 2931 Σάρδισι

211 2943 377 3001 οἰκίαι
432 2945 491 3001 αἱ
530 2945 634 3017 μὲν
673 2946 905 3005 πλεῦνες
949 2940 1269 3018 καλάμιναι,
1326 2941 1460 3000 ὅσαι
1508 2940 1555 2999 δ’
1610 2941 1819 3004 αὐτέων

215 3030 307 3087 καὶ
332 3030 617 3089 πλίνθιναι
643 3027 794 3102 ἦσαν
823 3028 1079 3104 καλάμου
1108 3029 1258 3106 εἶχον
1282 3027 1383 3090 τὰς
1409 3028 1644 3106 ὀροφάς.
1692 3057 1819 3092 του-

210 3117 345 3176 τέων
393 3117 460 3193 δὴ
507 3116 644 3195 μίαν
698 3120 809 3175 τῶν
849 3141 932 3177 τις
976 3116 1355 3191 στρατιωτέων
1404 3116 1475 3179 ὥς
1522 3118 1817 3196 ἐνέπρησε,

212 3200 407 3261 αὐτίκα
437 3203 532 3263 ἀπ’
560 3204 734 3278 οἰκίης
771 3208 825 3265 ἐς
862 3205 1036 3276 οἰκίην
1071 3203 1153 3260 ἶὸν
1178 3200 1246 3263 τὸ
1272 3206 1385 3278 πῦρ
1420 3205 1717 3280 ἐπενέμετο
1747 3208 1819 3267 τὰ
