2100 3409
212 74 445 139 79—84]
918 74 1146 124 mmm.
1764 75 1825 125 91

218 180 305 215 ειν
330 153 399 214 τὸ
415 151 647 234 Ἄργος,
673 151 885 229 παρεόν
917 151 1183 217 εὐπετέως
1222 178 1322 229 μιν
1360 115 1527 214 ἐλεῖν·
1567 180 1601 215 ο
1584 152 1691 214 δέ
1715 159 1830 230 σφι

216 240 396 311 ἔλεξε,
425 238 551 299 οὔτε
577 243 627 299 εἰ
652 237 987 316 ψευδόμενος
1012 239 1140 301 οὔτε
1180 244 1229 299 εἶ
1268 240 1484 317 ἀληθέα
1508 240 1690 320 λέγων
1721 242 1829 320 ἔχω

217 329 523 405 σαφηνέως
564 327 734 386 εἶπαι·
777 326 931 396 aeft
972 327 1018 386 δ’
1047 326 1122 388 ὧν
1153 327 1402 405 φάμενος
1431 327 1554 388 ἐπεί
1579 353 1641 386 τε
1668 326 1737 402 δή
1762 328 1830 386 τό

216 420 324 476 τοῦ
354 415 573 497 Ἀργου
615 413 736 492 ἶρόν
776 414 908 484 εἷλε,
952 414 1161 476 δοκέειν
1205 419 1259 475 οἱ
1302 415 1694 491 ἐξεληλυθέναι
1730 414 1831 475 τόν

218 503 490 583 χρησμὸν
527 506 630 563 τοῦ
672 503 822 563 θεοῦ·
861 502 1004 580 πρὸς
1032 501 1106 563 ὧν
1130 507 1307 563 ταῦτα
1333 502 1399 562 οὖ
1431 503 1675 562 δικαιοῦν
1713 527 1832 561 πει-

217 595 332 669 ρᾶν
371 594 473 668 τῆς
513 585 729 663 πόλιος,
775 591 908 668 πρίν
950 616 1017 671 γε
1066 590 1135 666 δή
1186 594 1361 668 ἱροῖσι
1395 590 1695 670 χρήσηται,
1734 591 1827 649 καὶ

215 678 381 758 μάθῃ
410 680 519 739 εἴτε
545 680 601 737 οἶ
625 677 659 737 ό
685 677 811 742 θεὸς
849 678 1147 756 παραδιδοῖ
1171 679 1282 738 εἴτε
1307 681 1362 737 οἶ
1388 678 1642 755 ἐμποδὼν
1669 679 1830 754 ἔστη-

219 791 309 825 κε·
351 766 795 843 καλλιερευμένῳ
832 765 892 826 δὲ
918 769 977 826 ἐν
1000 770 1080 844 τῷ
1101 765 1317 844 Ἡραίῳ
1343 771 1404 825 ἐκ
1434 770 1534 825 τοῦ
1574 764 1829 845 ἀγάλμα-

216 879 324 917 τος
345 858 458 914 τῶν
483 854 736 929 στηθέων
764 852 961 934 φλόγα
984 852 1159 929 πυρδς
1194 851 1499 931 ἐκλάμψαι·
1538 854 1737 930 μαθεῖν
1770 853 1831 912 δὲ

218 940 396 1005 αὗτός
421 941 564 1002 οὕτω
586 939 693 1017 τήν
717 939 1026 1018 ἆτρεκηΐην,
1054 941 1142 1001 ὅτι
1168 940 1269 1012 οὐκ
1302 942 1471 1018 αἱρέει
1500 941 1566 1001 τὰ
1595 941 1826 1022 Ἄργος·

220 1032 276 1088 εἰ
327 1032 434 1107 μὲν
473 1028 586 1110 γὰρ
640 1033 701 1089 ἐκ
750 1033 852 1105 τῆς
905 1032 1159 1104 κεφαλῆς
1197 1033 1300 1089 τοῦ
1338 1029 1665 1110 ἀγάλματος
1718 1029 1830 1098 ἐξέ-

219 1120 439 1195 λαμψε,
469 1118 671 1194 αἱρέειν
709 1114 779 1178 ἂν
818 1115 936 1176 κατ’
962 1115 1133 1194 ἄκρης
1170 1116 1277 1191 τὴν
1315 1116 1502 1176 πόλιν·
1547 1122 1606 1175 ἐκ
1632 1120 1744 1175 τῶν
1770 1116 1829 1174 δὲ

220 1204 482 1280 στηθέων
505 1204 852 1282 λάμψαντος,
880 1208 992 1264 πᾶν
1020 1207 1075 1263 οἱ
1099 1204 1444 1278 πεποιῆσθαι
1478 1202 1618 1263 ὅσον
1642 1202 1675 1262 ὁ
1705 1203 1832 1266 θεὸς

222 1292 505 1368 ἐβούλετο
543 1293 826 1374 γενέσθαι.
906 1295 1085 1352 ταῦτα
1111 1292 1171 1354 δὲ
1197 1292 1393 1372 λέγων,
1420 1290 1599 1351 πιστά
1638 1317 1701 1351 τε
1737 1291 1830 1350 καὶ

221 1379 422 1440 οἰκότα
481 1378 664 1440 ἐδόκεε
717 1380 1108 1459 Σπαρτιήτῃσι
1165 1380 1367 1460 λέγειν,
1421 1380 1513 1439 καὶ
1570 1377 1829 1460 ἀπέφυγε

220 1467 455 1528 πολλᾶν
493 1492 622 1530 τους
663 1466 975 1530 διώκοντας

299 1553 516 1636 Αργος
551 1555 610 1614 δε
645 1553 857 1632 α’νδρῶν
898 1554 1154 1633 ἐχηρώθη
1194 1553 1351 1626 οὕτω,
1380 1553 1527 1615 ὥστε
1552 1558 1607 1614 οἱ
1633 1515 1829 1617 δοῦλοι
1844 1556 1922 1615 83

222 1639 413 1701 αὐτῶν
455 1643 627 1721 ἔσχον
660 1667 843 1702 παντα
883 1667 955 1703 τα
997 1641 1306 1723 πρήγματα
1340 1641 1604 1721 ἄρχοντές
1637 1666 1700 1701 τε
1738 1643 1830 1701 καὶ

222 1729 576 1799 διέποντες,’
549 1756 604 1793 ες
629 1729 663 1790 ὃ
690 1730 990 1806 ἐπήβησαν
1017 1733 1072 1790 οἶ
1096 1735 1206 1789 τῶν
1231 1729 1593 1806 ἀπολομένων
1619 1728 1825 1791 παῖδες.

224 1816 422 1877 ἔπειτα
452 1824 637 1892 σφεας
671 1815 826 1878 οὗτοι
866 1842 1241 1893 ανακτωμενοι
1282 1810 1466 1876 ὀπίσω
1502 1821 1557 1879 ἐς
1599 1815 1832 1878 ἐωυτους

222 1903 527 1985 τό”Αργος
553 1905 849 1981 ἐξέβαλον·
890 1903 1250 1980 ἐξωθευμενοι
1277 1904 1337 1961 δὲ
1364 1905 1420 1963 οἱ
1445 1903 1645 1962 δοῦλοι
1675 1901 1833 1981 μα’χῃ

224 1993 405 2071 ἔσχον
429 1993 688 2070 Τίρυνθα.
766 1994 902 2057 τέως
923 1994 1029 2071 μὲν
1055 1990 1125 2068 δή
1147 1996 1261 2067 σφι
1286 1990 1358 2066 ἦν
1389 1989 1601 2068 ἄρθμια
1642 1994 1697 2052 ἐς
1731 1989 1831 2048 εἰλ-

222 2081 464 2156 λήλους·
506 2082 703 2140 ἔπειτα
720 2080 780 2139 δὲ
804 2085 862 2144 ἐς
885 2080 1014 2145 τούς
1039 2079 1273 2142 δούλους
1295 2079 1439 2154 ἦλθε
1466 2078 1606 2156 αἶνήρ
1637 2076 1835 2155 μα’ντις

224 2168 571 2244 Κλέανδρος,
590 2168 748 2248 ’γένος
775 2167 879 2228 ἐών
893 2165 1173 2248 Φιγαλεῦς
1198 2166 1293 2227 ἀπ’
1320 2166 1629 2246 Ἀρκαδίης·
1675 2163 1836 2231 οὗτος

221 2254 361 2318 τούς
393 2254 625 2318 δούλους
660 2255 938 2336 ἀνέγνωσε
975 2255 1270 2315 ἐπιθέσθαι
1305 2259 1461 2315 τοῖσι
1496 2254 1831 2334 δεσπότῃσι·

223 2347 290 2402 ἐκ
316 2342 518 2403 τούτου
545 2343 604 2401 δὲ
628 2342 879 2419 πόλεμός
904 2349 1017 2418 σφι
1048 2342 1119 2418 ἦν
1156 2342 1249 2402 ἐπὶ
1281 2342 1487 2420 χρόνον
1521 2342 1749 2421 συχνόν,
1778 2349 1835 2407 ἐς

224 2431 258 2491 ὃ
303 2429 375 2505 δὴ
414 2430 580 2511 μόγις
619 2433 689 2489 οἱ.
711 2429 957 2511 Ἀργεῖοι
998 2429 1403 2507 ἐπεκράτησαν.

309 2515 560 2598 Ἀργεῖοι
593 2518 698 2594 μέν
731 2542 828 2577 νυν
864 2516 955 2576 διὰ
982 2519 1162 2576 ταῦτα
1188 2515 1513 2593 Κλεομένειί
1539 2522 1689 2591 φασι
1722 2543 1827 2594 μα·
1847 2519 1927 2576 84

225 2605 396 2666 νέντα
426 2602 747 2665 ἀπολέσθω
781 2608 976 2667 κακῶς·
1018 2603 1177 2663 αὐτοὶ
1213 2603 1272 2662 δὲ
1299 2604 1652 2679 Σπαρτιῆταί
1681 2611 1833 2680 φασι

225 2697 289 2750 ἐκ
333 2690 621 2768 δαιμονίου
659 2694 762 2767 μὲν
795 2690 1013 2755 οὐδενὸς
1046 2694 1289 2768 μανῆναι
1321 2691 1663 2767 Κλεομένεα,
1695 2692 1834 2756 Σκύ-

225 2780 369 2856 θῃσι
402 2777 463 2837 δὲ
493 2777 852 2855 ὁμιλήσαντά
884 2803 983 2854 μιν
1017 2776 1408 2855 ἀκρητοπότην
1442 2779 1706 2858 γενέσθαι
1744 2780 1835 2838 καὶ

224 2872 289 2925 ἐκ
323 2864 529 2925 τούτου
563 2870 823 2942 μανῆναι·
867 2865 1088 2929 Σκύθας
1120 2864 1233 2946 γοῖρ
1262 2866 1394 2929 τούς
1424 2866 1682 2942 νομάδας,
1712 2865 1840 2924 ἐπεί

226 2952 291 3011 τέ
315 2958 431 3028 σφι
459 2956 702 3029 Δαρεῖον
729 2955 1003 3029 ἐσβαλεῖν
1031 2958 1088 3016 ἐς
1111 2951 1218 3027 τὴν
1242 2953 1444 3031 χώρην,
1472 2953 1615 3027 μετοὶ
1654 2955 1831 3009 ταῦτα

227 3040 530 3116 μεμονέναι
564 3065 662 3116 μιν
695 3040 988 3099 τίσασθαι·
1016 3041 1347 3117 πέμψαντας
1378 3040 1491 3097 δε’
1465 3064 1519 3100 ες
1547 3036 1829 3111 Σπάρτην,

226 3128 564 3206 συμμαχίην
596 3151 660 3186 τε
698 3127 991 3187 ποιέεσθαι
1031 3127 1125 3185 καὶ
1166 3125 1531 3186 συντίθεσθαι
1572 3147 1641 3183 ως
1665 3119 1836 3197 χρεόν

223 3215 312 3291 εἴη
353 3211 558 3276 αυτούς
594 3216 698 3290 μὲν
736 3240 867 3278 τους
902 3213 1121 3280 Σκύθας
1160 3212 1313 3289 παροὶ
1352 3214 1539 3268 Φᾶσιν
1580 3205 1835 3281 ποταμὸν
