2100 3409
138 14 439 97 352-144]
813 28 1121 83 OTPANIA.
1663 36 1758 88 279

139 114 231 195 μὴ
281 114 342 173 δὲ
392 112 566 188 ὖμέας
611 109 982 187 Ἀλέξανδρος
1035 110 1071 171 ὁ
1123 112 1398 173 Μακεδων
1442 111 1756 193 α’ναγνῶσ-ῃ,

145 201 359 281 λεήνας
393 200 492 260 τὸν
535 199 858 276 Μαρδονίου
880 199 1087 281 λόγον·
1120 199 1296 279 τούτῳ
1319 202 1423 276 μὲν
1448 200 1558 281 γὰρ
1583 228 1757 262 ταυτα

146 289 390 364 ποιητέα
406 288 549 346 ἐστί·
574 284 838 364 τύραννος
853 313 963 369 γαρ
986 286 1091 348 ἐῶν
1114 286 1360 369 τυράννῳ
1381 290 1759 369 συγκατεργά-

150 379 327 448 ζεται·
381 374 515 452 υμῖν
554 374 618 434 δέ
653 400 721 455 γε
760 374 826 435 οὐ
865 376 1115 452 ποιητέα,
1165 376 1318 453 εἴπερ
1359 374 1419 434 εὖ
1456 377 1757 459 τυγχάνετε

152 463 506 541 φρονέοντες,
540 463 966 541 ἐπισταμένοισι
996 488 1071 526 ως
1098 462 1461 541 βαρβαροισί
1484 469 1607 523 ἐστι
1634 463 1760 524 οὔτε

150 551 367 611 πιστόν
392 548 519 610 οὔτε
539 549 745 626 ἀληθὲς
764 550 973 611 οὖδέν.”
1010 554 1189 610 ταῦτα
1209 552 1403 621 ἔλεξαν
1429 555 1483 612 οἱ
1507 551 1759 634 ἄγγελοι.

235 639 530 714 Ἀθηναῖοι
571 639 631 698 δὲ
669 638 811 716 πρός
835 640 939 716 μὲν
961 638 1332 715 Ἀλέξανδρον
1360 639 1720 717 ὑπεκρίναντο
1740 641 1856 701 143

152 727 308 787 τάδε·
351 725 484 785 “nai
531 724 692 786 αὐτοὶ
720 726 890 787 τοῦτό
920 752 989 808 γε
1027 726 1393 804 ἐπιστάμεθα,
1422 726 1508 787 ὅτι
1543 733 1762 787 πολλα-

153 814 383 890 πλησίη
423 813 549 873 ἐστὶ
587 818 665 894 τῷ
704 814 882 895 Μήδῳ
922 814 1150 893 δύναμις
1200 814 1343 891 ἥπερ
1395 815 1550 891 ἡμῖν·
1614 815 1760 875 ὥστε

155 902 317 962 οὐδὲν
343 902 456 960 δέει
487 901 656 962 τοῦτό
679 928 748 983 γε
775 902 1076 974 ὀνειδίζειν·
1118 902 1249 961 ἀλλ’
1276 904 1424 980 ὅμως
1450 904 1764 981 ἐλευθερίης

152 989 493 1069 γλιχόμενοι
531 988 883 1066 αμυνεύμεθα
910 990 1049 1050 οὕτω
1076 989 1215 1054 ὅκως
1240 989 1309 1051 ἂν
1334 994 1426 1050 καὶ
1459 991 1760 1068 δυνώμεθα·

154 1077 524 1157 ὁμολογησαι
565 1077 625 1136 δὲ
664 1104 741 1157 τῳ
779 1078 1061 1158 βαρβάρῳ
1102 1078 1247 1155 μήτε
1279 1079 1354 1138 σύ
1384 1077 1562 1154 ἡμέας
1592 1082 1765 1155 πειρῶ

154 1164 496 1234 ἀναπείθειν,
525 1163 651 1224 οὔτε
669 1165 835 1242 ἡμέες
852 1165 1187 1242 πεισόμεθα.
1242 1191 1339 1225 νυν
1358 1165 1416 1223 δὲ
1437 1164 1765 1245 ἀπάγγελλε

156 1252 485 1330 Μαρδονίῳς
509 1278 579 1315 ως
601 1250 890 1330 Αθηναῖοι
909 1253 1162 1333 λέγουσι,
1193 1251 1307 1312 ἔστ’
1333 1249 1402 1311 ἂν
1426 1251 1460 1312 o‘
1485 1251 1644 1327 ἥλιος
1662 1251 1768 1327 τὴν

156 1339 342 1414 αὖτὴν
364 1338 544 1400 ὁδὸν”
521 1365 578 1418 ιῃ
601 1344 780 1419 τῇπερ
809 1341 900 1400 καὶ
934 1345 1032 1401 νῦν
1064 1342 1299 1421 ἔρχεται,
1325 1339 1536 1417 μήκοτε
1561 1338 1767 1416 ὁμολο-

154 1426 365 1508 γήσειν
403 1426 578 1503 ἡμέας
618 1429 820 1508 Ξέρξῃ·
874 1428 1028 1489 ἀλλὰ
1071 1429 1258 1489 θεοῖσί
1304 1454 1367 1488 τε
1409 1428 1767 1507 συμμάχοισι

155 1513 399 1573 πίσυνοί
429 1540 528 1591 μιν
569 1515 823 1593 ἐπέξιμεν
864 1515 1199 1593 ἀμυνόμενοι
1243 1518 1336 1576 καὶ
1372 1521 1527 1578 τοῖσι
1566 1516 1764 1594 ἥρωσι·

155 1606 272 1661 τῶν
314 1604 520 1666 ἐκεῖνος
559 1602 817 1681 οὐδεμίαν
860 1602 988 1663 ὄπιν
1029 1606 1184 1713 ἔχων,
1230 1606 1501 1681 ἐνέπρησε
1537 1604 1668 1666 τούς
1705 1628 1769 1663 τε

157 1691 352 1752 οἴκους
384 1689 476 1749 καὶ
508 1690 579 1751 τοὶ
614 1691 936 1803 ἀγάλματα.
1020 1692 1097 1751 σύ
1120 1717 1184 1752 τε
1206 1697 1307 1753 τοῦ
1333 1695 1538 1750 λοιποῦ
1564 1690 1769 1770 λόγους

158 1779 306 1856 ἔχων
324 1777 582 1837 τοιούσδε
599 1805 680 1890 μη
703 1780 994 1856 ἐπιφαίνεο
1012 1779 1380 1856 Ἀθηναίοισι,
1401 1778 1542 1854 μηδὲ
1568 1778 1770 1837 δοκέων

155 1890 394 1944 χρηστα
432 1864 756 1947 υπουργέειν
804 1867 1084 1943 αθέμιστα
1138 1867 1311 1944 ἔρδειν
1362 1866 1641 1942 παραίνεε·
1702 1891 1770 1924 ου

157 1978 273 2028 γαρ
329 1977 399 2010 σε
451 1953 783 2031 βουλόμεθα
838 1954 994 2014 ουδεν
1054 1953 1222 2064 ἄχαρι
1273 1953 1414 2030 πρός
1463 1951 1769 2028 Αθηναίων

157 2039 467 2113 παθέειν,’
442 2040 602 2101 εόντα
628 2041 919 2120 πρόξεινόν
941 2066 1003 2100 τε
1031 2042 1125 2100 καὶ
1153 2037 1377 2116 φίλον.”
1445 2039 1602 2116 Πρός
1626 2065 1728 2116 μεν
1749 2040 1864 2101 144

157 2125 538 2204 Ἀλέξανδρον
567 2131 742 2188 ταῦτα
775 2127 1157 2205 ὑπεκρίναντο·
1207 2126 1347 2204 πρός
1391 2127 1450 2187 δὲ
1490 2126 1619 2190 τούς
1657 2125 1770 2186 ἀπὸ

161 2214 432 2291 Σπάρτης
450 2214 726 2295 ἀγγέλους
742 2212 892 2275 τάδε·
937 2225 973 2251 “
990 2214 1057 2275 τό
1084 2218 1188 2292 μὲν
1215 2216 1399 2279 δεῖσαι
1426 2215 1770 2292 Λακεδαιμο-

162 2303 317 2365 νίους
345 2300 426 2378 μὴ
463 2301 908 2383 ὁμολογήσωμεν
933 2307 1012 2382 τῷ
1035 2301 1334 2382 βαρβάρῳ,
1364 2302 1539 2380 κάρτα
1566 2302 1771 2378 ἅνθρω-

161 2389 335 2465 πήῖον
412 2414 462 2449 ν·
517 2389 658 2467 α’,ταρ
699 2394 946 2469 αἰσχρῶς
983 2414 1053 2470 γε
1094 2391 1297 2459 οἴκατε,
1348 2389 1768 2465 ἐξεπιστάμενοι

159 2503 274 2537 των
316 2476 626 2552 Ἀθηναίων
665 2505 730 2537 το
777 2477 1057 2555 φρόνημα,
1105 2476 1444 2554 ἀρρωδῆσαι·
1507 2475 1592 2535 ὅτι
1647 2474 1773 2534 οὔτε

159 2563 381 2643 χρυσός
409 2569 530 2624 ἐστι
554 2570 659 2646 γῆς
701 2563 970 2640 οὐδαμόθι
1003 2567 1276 2626 τοσοῦτος
1303 2561 1429 2621 οὔτε
1454 2562 1609 2640 χώρη
1638 2563 1769 2621 κάλ-

161 2656 256 2711 λεΐ
284 2651 379 2711 καὶ
404 2650 575 2731 αρετῇ
600 2654 749 2733 μέγα
770 2651 1185 2728 υπερφέρουσα,
1206 2676 1278 2710 τα
1304 2648 1464 2727 ἡμεῖς
1483 2649 1770 2725 δεξάμενοι

163 2739 513 2816 ἐθέλοιμεν*
479 2765 548 2799 αν
565 2741 901 2817 μηδίσαντες
923 2739 1347 2798 καταδουλῶσαι
1370 2735 1474 2812 τὴν
1498 2735 1771 2795 Ἑλλάδα·

161 2827 363 2885 πολλά
383 2852 446 2886 τε
464 2828 574 2907 γοὶρ
595 2829 686 2886 καὶ
705 2826 929 2908 μεγάλα
951 2827 1075 2885 ἐστὶ
1100 2825 1172 2885 τὰ
1198 2823 1573 2884 διακωλύοντα
1597 2828 1772 2882 ταῦτα

162 2913 247 2991 μὴ
281 2914 507 2985 ποιέειν,
539 2913 746 2991 μηδ’
710 2941 779 2990 ην
823 2914 1117 2989 ἐθέλωμεν·
1167 2938 1360 2989 πρωτα
1402 2912 1505 2988 μὲν
1547 2911 1637 2968 καὶ
1675 2909 1772 2983 μέ-

74 2998 77 3065 f
163 3027 359 3115 γιστα,
414 3004 524 3061 τῶν
577 3003 716 3063 θεῶν
768 3029 839 3062 τα
891 3000 1194 3081 ἀγάλματα
1249 3001 1340 3059 καὶ
1380 2998 1452 3059 τοὶ
1500 2995 1772 3070 οἰκήματα

166 3091 613 3166 ἐμπεπρησμένα
654 3116 717 3149 τε
761 3090 852 3148 καὶ
895 3090 1352 3168 συγκεχωσμένα·
1410 3087 1563 3144 τοῖσι
1597 3079 1772 3156 ἡμέας

163 3176 481 3258 ἀναγκαίως
522 3177 635 3255 ἔχει
676 3175 962 3253 τιμωρέειν
1014 3178 1070 3237 ἐς
1120 3175 1192 3234 τοὶ
1242 3175 1486 3253 μέγιστα
1528 3170 1767 3246 μᾶλλον,
