2100 3409
316 64 414 125 eo,
924 52 1293 103 ‘111’voon
1790 53 1918 118 [VI.

314 140 427 210 δον,
453 137 751 214 ἤλαυνον’
725 133 816 195 επὶ
840 133 947 211 τήν
975 134 1253 210 Μῦιητον,
1279 158 1354 192 τα
1393 130 1550 192 ἄλλα
1579 133 1922 210 πολίσματα

316 228 445 305 περὶ
477 224 793 287 ἐλάσσονος
823 220 1217 299 ποιησάμενοι·
1257 224 1359 281 τοῦ
1401 220 1460 279 δὲ
1500 246 1758 284 ναυτικου
1787 223 1920 282 Φοί-

317 341 459 378 νικες
498 315 601 390 μὲν
640 312 790 388 ἦσαν
829 307 1265 388 προθυμότατοι
1307 307 1815 385 συνεστρατεύοντο
1855 310 1920 370 δὲ

318 404 409 462 καὶ
457 400 700 477 Κύπριοι
744 398 944 458 νεωστὶ
984 396 1493 474 κατεστραμμένοι,
1543 396 1637 455 καὶ
1684 399 1921 463 Κιλικές

248 490 286 551 7
313 517 374 549 τε
415 491 506 548 καὶ
531 487 848 568 Αἰγύπτιοι.
933 487 1007 545 Οἱ
1034 488 1138 562 μὲν
1172 484 1240 561 δὴ
1269 484 1362 544 ἐπὶ
1386 483 1491 560 τήν
1517 485 1783 559 Μίλητον
1824 488 1921 546 καὶ

317 577 420 652 τήν
445 576 631 651 ἄλλην
655 573 865 650 Ἰωνίην
898 573 1249 651 ἐστράτευον.
1320 571 1506 635 Ἴωνες
1547 571 1606 630 δὲ
1646 573 1919 633 πυνθανό-

317 690 476 742 μενοι
499 667 693 733 ταῧτα,
721 663 969 739 ἔπεμπον
1006 660 1368 738 προβούλους
1406 661 1601 736 σφέων
1642 659 1824 721 αὐτῶν
1865 666 1923 726 ἐς

320 751 646 812 Πανιώνιον·
688 750 1081 829 ἀπικομένοισι
1120 749 1179 807 δὲ
1217 748 1471 809 τούτοισι
1510 753 1565 812 ἐς
1594 753 1796 809 τοῦτον
1821 748 1938 810 τᾶν·

317 844 501 918 χῶρον
541 841 632 899 καὶ
670 839 1139 916 βουλευομένοισι
1172 836 1322 906 ἔδοξε
1348 835 1517 907 πεζόν
1541 836 1646 912 μὲν
1671 837 1926 914 στρατὸν

318 928 399 1003 μή
441 927 742 1009 συλλέγειν
783 925 1038 995 ἀντίξοον
1082 925 1364 1005 Πέρσῃσι,
1411 922 1565 983 οἶλλσῖ
1610 921 1684 983 τὰ
1729 926 1927 1005 τείχεα

321 1014 555 1090 ῥύεσθαι
582 1012 779 1077 αὐτοῦς
805 1015 1149 1089 Μιλησίους·
1191 1011 1257 1073 τό
1285 1012 1345 1071 δὲ
1370 1010 1629 1072 ναυτικόν
1663 1015 1928 1090 πληροῦν

318 1102 789 1181 ὑπολειπομένους
829 1102 1104 1180 μηδεμίαν
1147 1105 1258 1174 τῶν
1311 1104 1463 1161 νεῶν·
1515 1098 1929 1177 πληρώσαντες

320 1190 380 1250 δὲ
420 1192 808 1272 συλλέγεσθαι
837 1190 941 1266 τὴν
964 1191 1241 1268 ταχίστην
1284 1194 1339 1251 ἐς
1363 1186 1571 1264 Λάδην,
1598 1212 1928 1266 προναυμα-

317 1278 601 1357 χήσοντας
628 1277 910 1354 Μιλήτου.
993 1277 1030 1354 ἦ
1073 1278 1131 1337 δὲ
1154 1277 1315 1353 Λάδη
1352 1277 1475 1337 ἐστὶ
1500 1279 1675 1352 νῆσος
1702 1279 1928 1356 σμικρὴ

251 1369 288 1424 8
320 1368 409 1425 ἐπὶ
435 1372 505 1445 τῇ
530 1367 670 1427 πόλι
696 1371 768 1446 τῇ
792 1366 1093 1442 Μιλησίων
1120 1366 1361 1442 κειμένη.
1443 1364 1608 1423 Meni
1636 1364 1695 1423 δὲ
1723 1369 1929 1437 ταῦτα,

318 1455 791 1532 πεπληρωμένῃσι
828 1458 966 1533 τῇσι
1001 1454 1169 1528 νηυσὶ
1209 1456 1474 1532 παρῆσαν
1500 1454 1553 1512 οἱ
1575 1451 1780 1526 Ἴωνες,
1816 1455 1932 1517 σῦν

323 1540 385 1599 δέ
409 1548 521 1617 σφι
547 1541 640 1600 καὶ
664 1541 913 1603 Αἰολέων
938 1567 991 1600 οι
1015 1542 1254 1617 Λέσβον
1279 1541 1560 1617 νέμονται·
1600 1539 1929 1603 ἐτάσσοντο

319 1628 378 1687 δὲ
414 1627 535 1689 ωδε·
575 1654 642 1689 το
682 1631 786 1708 μὲν
824 1627 966 1705 πρός
1002 1651 1108 1704 την
1149 1629 1218 1687 ἔω
1252 1627 1405 1707 εἶχον
1430 1627 1593 1705 κέρας
1618 1625 1782 1687 αὐτοὶ
1812 1635 1932 1691 Μι-

319 1717 530 1793 λη’σιοι,
578 1717 702 1781 νέας
755 1715 1129 1795 παρεχόμενοι
1178 1694 1650 1796 dyssuixovraJ'
1596 1740 1825 1795 ειχοντο
1869 1719 1933 1778 δὲ

316 1806 549 1865 τουτέων
566 1805 834 1882 Πριηνέες
859 1803 1101 1863 δυωδεκα
1127 1829 1309 1880 νηυσι,
1337 1801 1430 1862 καὶ
1450 1803 1737 1864 Μυουσιοι
1761 1807 1933 1881 τρισὶ

317 1892 497 1967 νηυσί·
541 1894 846 1953 Μυουσίων
878 1892 937 1951 δὲ
968 1892 1129 1967 Τᾷοι
1157 1891 1383 1971 ἐἴχοντο
1421 1890 1795 1950 ἑπτακαίδεκα
1833 1920 1933 1972 νη-

315 1980 430 2038 υσί·
472 1980 652 2056 Τηΐων
695 1980 755 2039 δὲ
796 1979 1015 2057 εἴχοντο
1041 1982 1176 2039 Χῖοι
1212 1977 1408 2039 ἑκατὸν
1447 1979 1630 2054 νηυσί·
1671 1977 1828 2057 πρὸς
1872 1983 1935 2043 δὲ

314 2066 566 2126 τούτοισι
590 2066 917 2143 Ἐρυθραῖοί
935 2091 997 2126 τε
1016 2066 1335 2128 ἐτάσσοντο
1362 2067 1453 2126 καὶ
1468 2068 1735 2140 Φωκαέες,
1758 2066 1933 2147 Ἐρυ-

318 2154 502 2229 θραῖοι
528 2155 632 2230 μὲν
659 2151 803 2213 ὅκτω
826 2153 961 2217 νέας
984 2151 1360 2234 παρεχόμενοι
1385 2155 1636 2218 Φωκαέες
1663 2154 1726 2214 δὲ
1751 2161 1936 2233 τρεῖς.

315 2241 583 2301 Φωκαέων
625 2240 685 2300 δὲ
731 2242 947 2319 εἴχοντο
993 2243 1242 2319 Λέσβιοι
1294 2243 1458 2317 νηυσὶ
1507 2241 1936 2319 εβδομήκοντα.

315 2331 623 2388 τελευταῖοι
663 2328 722 2388 δὲ
765 2328 1078 2389 ἐτάσσοντο
1122 2330 1341 2408 ἔχοντες
1382 2329 1446 2388 τό
1490 2352 1632 2406 προς
1671 2334 1939 2412 εσπέρην

318 2417 478 2492 κέρας
523 2416 727 2493 Σάμιοι
764 2416 1029 2492 ἐξήκοντα
1070 2418 1253 2492 νηυσί.
1336 2417 1563 2477 πασέων
1596 2418 1654 2475 δὲ
1681 2423 1940 2483 τουτέων

318 2502 351 2563 ὁ
377 2504 605 2579 σύμπας
644 2503 933 2581 οἷρσθμος’
907 2505 1124 2587 εγένετο
1161 2509 1308 2583 τρεῖς
1335 2506 1427 2565 καὶ
1453 2504 1809 2580 πεντήκοντα
1841 2513 1940 2570 καὶ

250 2591 284 2650 9
315 2589 629 2666 τριηκόσιαι
668 2591 934 2669 τριήρεες·
977 2591 1142 2653 αὗται
1177 2595 1281 2671 μὲν
1304 2591 1503 2653 Ἰώνων
1540 2591 1717 2670 ἦσαν.
1806 2601 1941 2659 Τῶν

320 2678 379 2736 δὲ
411 2680 725 2756 βαρβάρων
764 2678 829 2742 τό
870 2682 1092 2756 πλῆθος
1115 2683 1227 2741 τῶν
1253 2684 1389 2742 νεῶν
1414 2678 1564 2755 ἦσαν
1607 2680 1939 2751 ἑξακόσιαι.

320 2764 391 2828 ὦς
421 2766 481 2824 δε
519 2767 611 2828 καὶ
641 2765 804 2826 αὗται
838 2765 1078 2828 ἀπίκατο
1113 2794 1252 2845 προς
1283 2767 1387 2843 τὴν
1413 2767 1716 2844 Μιλησίην
1757 2772 1865 2831 καὶ
1909 2774 1942 2835 ὅ

321 2852 485 2924 πεζός
521 2860 634 2929 σφι
668 2879 818 2917 απας
847 2858 1052 2932 παρῆν,
1079 2855 1316 2915 ἐνθαῦτα
1356 2857 1411 2915 οἶ
1436 2857 1710 2932 Περσέων
1753 2884 1943 2951 στρα-

323 2940 486 3021 τηγοὶ
512 2939 818 3016 πυθόμενοι
841 2940 908 3001 τὸ
935 2943 1156 3018 πλῆθος
1180 2946 1290 3002 τῶν
1313 2941 1507 3001 Ἰάδων
1538 2947 1692 3014 νεῶν,
1725 2971 1943 3027 καταρ-

322 3027 583 3105 ρῶδησαν
608 3052 688 3104 μη
717 3026 782 3086 οὗ
809 3027 1031 3089 δυνατοὶ
1055 3030 1317 3109 γένωνται
1348 3028 1813 3107 ὑπερβαλέσθαι,
1847 3037 1956 3099 καῖ

322 3114 462 3175 οὕτω
489 3114 616 3175 οὔτε
639 3139 744 3190 την
768 3116 1032 3191 Μίλητον
1059 3116 1171 3176 οιοί
1191 3142 1253 3176 τε
1280 3118 1413 3177 ἔωσι
1447 3119 1658 3187 ἐξελεῖν
1700 3146 1791 3198 μη
1840 3126 1947 3186 οἰκ

325 3201 503 3266 ἐόντες
539 3202 920 3280 ναυκράτορες,
958 3204 1100 3279 πρός
1140 3230 1203 3263 τε
1242 3205 1483 3278 Δαρείου
1527 3206 1949 3276 κινδυνεύσωσι
