2100 3409
364 52 458 101 142
985 47 1353 98 ἮΡοΔοτοτ
1809 45 1951 111 [vn.

360 127 646 205 πόνθαμεν
671 124 1009 205 οἰκτρότερα·
1035 130 1096 185 ἐν
1119 125 1229 207 γσῖρ
1251 123 1391 185 οὕτω
1410 117 1626 205 βραχέἳ
1649 124 1762 206 βίῳ
1789 126 1953 192 οὐδεὶς

363 215 507 276 οὕτω
544 214 842 293 ἅνθρωπος·
874 213 976 274 ε’ὢν
1019 213 1288 291 εὖδαιμων
1322 213 1555 289 πέφυκε,
1590 212 1718 273 οὔτε
1757 213 1948 274 τούτων

361 303 488 364 οὔτε
527 307 638 363 τῶν
677 301 882 372 ἄλλων,
909 306 987 381 τῷ
1013 301 1077 360 οὖ
1106 301 1531 377 παραστήσεται
1563 300 1844 364 πολλάκις
1867 302 1943 359 καὶ

361 390 482 450 οὐκὶ
525 389 677 459 ἅπαξ
713 388 968 449 τεθνάναι
1008 388 1330 465 βούλεσθαι
1364 387 1663 465 μᾶλλον
1627 415 1665 464 η
1698 388 1859 459 ζόειν·
1895 382 1950 440 αἶ

358 504 422 538 τε
450 504 560 559 γαρ
593 478 886 555 συμφοραὶ
912 477 1377 555 προσπίπτουσαι
1404 477 1497 535 καὶ
1522 480 1582 535 αἱ
1608 480 1805 536 νοῦσοι
1830 501 1939 535 συν·

362 590 757 642 ταρασσουσαι
784 566 875 624 καὶ
899 565 1177 675 βραχῦν’
1150 563 1311 625 εόντα
1336 563 1553 642 μακρὰν
1581 564 1790 624 δοκέειν
1821 564 1940 624 εἶναι

362 656 582 713 ποιεῦσι
619 653 720 714 τόν
757 654 909 730 βίον·
965 652 1107 712 οὕτω
1147 680 1180 712 ο
1222 654 1326 730 μὲν
1366 651 1619 725 θάνατος,
1670 654 1942 731 μοχθηρῆς

360 740 561 817 ἐούσης
585 745 686 817 τῆς
711 740 853 817 ζόης,
883 740 1181 822 καταφυγὴ
1223 740 1561 819 αἱρετωτάτη
1587 744 1665 819 τῷ
1692 740 1941 819 ἀνθρώπω

357 829 572 910 γε’γονε·
616 829 647 889 ὁ
674 830 734 889 δὲ
762 829 886 892 θεὸς
910 828 1123 910 γλυκῦν
1152 828 1361 910 γεύσας
1399 828 1498 888 τόν
1539 832 1727 898 αῑῶνα,
1759 829 1940 904 φθονε-

262 917 340 979 47
356 917 456 993 ρός
498 922 556 977 ἐν
601 916 747 996 αὐτῷ
791 916 1102 994 εὖρίσκεται
1144 915 1296 976 ἐών.”
1377 917 1590 994 Ξέρξης
1631 917 1692 976 δὲ
1734 915 1941 992 ἀμείβε-

312 998 317 1003 ’
357 1031 424 1065 το
464 1006 662 1086 λέγων·
705 1016 740 1040 “
755 1003 1087 1082 Ἀρτάβανε,
1115 1006 1318 1080 βιοτῆς
1342 1005 1447 1081 μέν
1481 1030 1578 1063 νυν
1609 1003 1942 1081 ἀνθρωπηίης

359 1093 502 1170 πέρι,
522 1092 722 1169 ἐούσης
745 1092 1003 1168 τοιαύτης
1031 1093 1258 1169 οἴηνπερ
1286 1091 1361 1151 m)
1388 1092 1622 1170 διαιρέαι
1649 1092 1801 1162 εἶναι,
1817 1118 1939 1152 παυ-

358 1181 602 1258 σώμεθα,
646 1181 789 1259 μηδὲ
836 1184 1014 1239 κακῶν
1059 1179 1424 1258 μεμνεῶμεθα
1470 1180 1695 1259 χρηστὰ
1742 1181 1941 1259 ἔχοντες

356 1268 659 1349 πρήγματα
702 1275 760 1327 ἐν
794 1268 978 1347 χερσί·
1024 1266 1251 1344 φράσον
1288 1268 1350 1326 δέ
1382 1292 1481 1343 μοι
1517 1267 1667 1326 τόδε·
1711 1268 1761 1326 εἶ
1788 1293 1875 1327 τοι
1908 1266 1939 1342 ἦ

357 1354 485 1432 ὄψις
517 1360 618 1414 τοῦ
652 1356 903 1414 ἐνυπνίου
942 1354 1024 1431 μή
1055 1355 1288 1435 ἐναργὴς
1314 1353 1453 1413 οὕτω
1481 1354 1678 1430 ἐφάνη,
1706 1355 1850 1433 εἶχες
1882 1351 1942 1413 ἂν

355 1441 459 1516 τήν
501 1440 739 1520 ἀρχαίην
772 1440 998 1523 γνώμην
1031 1442 1130 1501 οὐκ
1175 1446 1275 1502 ε’ὣν
1312 1467 1385 1519 με
1421 1441 1827 1518 στρατεύεσθαι
1861 1442 1942 1501 ἐπὶ

355 1527 459 1603 τὴν
483 1528 752 1600 Ἑλλάδα,
781 1528 818 1605 ἢ
842 1532 1118 1607 μετέστης
1143 1528 1245 1599 ἅν,
1291 1530 1429 1606 φέρε
1467 1555 1572 1607 μοι
1593 1533 1768 1590 *τοῦτο
1797 1528 1940 1607 ἄτρε-

357 1617 490 1681 κέως
518 1617 668 1676 εἷπέ·’
726 1646 759 1678 ο
788 1618 848 1678 δὲ
874 1617 1145 1696 οἷμείβετο
1173 1618 1371 1699 λεγων·
1416 1629 1450 1653 “
1469 1645 1510 1675 ω
1480 1616 1806 1693 ’βασιλεῦ,·
1825 1616 1941 1696 οψις

353 1707 458 1780 μὲν
482 1730 519 1781 η
547 1710 885 1782 ἐπιφανεῖσα
923 1710 1023 1765 τοῦ
1063 1705 1276 1782 ὀνείρου
1315 1732 1386 1768 ως
1410 1704 1743 1781 βουλόμεθα
1768 1704 1940 1782 ἀμφό-

353 1817 505 1868 τεροι
545 1794 914 1869 τελευτήσειε·
959 1793 1068 1874 ἐγω
1108 1791 1211 1852 δ”
1181 1818 1263 1852 ετι
1305 1793 1396 1851 καὶ
1438 1797 1492 1855 ἐς
1530 1792 1660 1851 τόδε
1700 1792 1941 1869 δείματός

356 1883 468 1957 εἶμι
500 1880 936 1951 υπόπλεος,·ουδ’
965 1881 1118 1944 ἐντός
1144 1884 1433 1958 ἐμεωυτοῦ,
1462 1879 1617 1938 ἄλλα
1655 1906 1720 1939 τε
1757 1879 1938 1940 πολλα

358 1968 748 2048 ἐπιλεγόμενος
790 1970 881 2028 καὶ
922 1969 990 2044 δὴ
1033 1971 1125 2028 καὶ
1166 1968 1336 2047 ὁρέων
1370 1994 1460 2029 τοι
1488 1968 1585 2027 δύο
1610 1968 1682 2027 τοῖ
1707 1969 1936 2048 μέγιστα

258 2057 336 2113 48
354 2054 572 2115 πάντων
598 2055 760 2116 ἐόντα
785 2056 1229 2134 πολεμιώτατα.”
1288 2058 1500 2133 Ξέρξης
1524 2057 1586 2115 δὲ
1611 2055 1751 2132 πρὸς
1774 2060 1936 2116 ταῦτα

353 2140 622 2218 ἀμείβετο
660 2143 871 2201 τοῖσδε·
912 2155 948 2180 “
965 2143 1213 2221 δαιμόνιε
1239 2144 1465 2220 ἀνδρῶν,
1497 2147 1623 2202 κοῖα
1647 2148 1820 2203 ταῦτα
1852 2145 1936 2203 λε’-

352 2253 468 2308 γεις
496 2228 632 2287 εἶναι
659 2228 755 2289 δύο
780 2255 880 2306 μοι
919 2230 1311 2309 πολεμιώτατα
1330 2258 1346 2301 ;
1391 2231 1591 2308 κότερά
1615 2258 1704 2291 τοι
1730 2231 1761 2291 ὅ
1783 2231 1935 2302 πεζὰς

353 2312 605 2389 μεμπτός
648 2317 789 2375 κατὰ
829 2317 896 2377 vd
934 2319 1152 2395 πλῆθός
1194 2324 1332 2390 ἐστι,
1376 2320 1468 2377 καὶ
1509 2317 1576 2378 τό
1617 2319 1935 2394 Ἑλληνικὸν

352 2401 674 2479 στράτευμα
695 2405 951 2479 φαίνεται
971 2405 1415 2482 πολλαπλήσιον
1435 2406 1670 2467 ἔσεσθαι
1692 2410 1789 2466 τοῦ
1812 2431 1935 2482 ημε·

350 2488 546 2564 τέρου;
588 2489 625 2567 ἢ
651 2491 736 2604 *⁷3
783 2494 1038 2553 ναυτικὸν
1078 2495 1142 2554 τὸ
1191 2495 1459 2602 ἡμέτερον
1505 2494 1804 2572 λείψεσθαι
1841 2498 1934 2553 τοῦ

353 2577 600 2649 ἐκείνων;
642 2577 679 2655 ἢ
707 2582 798 2638 καὶ
824 2583 1224 2658 συναμφότερα
1251 2586 1463 2652 ταῦτα,
1508 2586 1557 2642 εἰ
1573 2581 1683 2663 γάρ
1708 2607 1792 2641 τοι
1816 2580 1937 2640 ταῶ

352 2692 423 2743 τῃ
450 2668 769 2743 ἐνδεέστερα
803 2669 1055 2743 φαίνεται
1099 2670 1235 2729 εἶναι
1261 2696 1332 2729 τα
1358 2670 1604 2747 ἡμέτερα
1630 2667 1937 2749 πρήγματα,

352 2757 600 2830 στρατοῦ
639 2753 706 2812 ἂν
745 2753 925 2812 ἅλλου
965 2782 1049 2818 τις
1088 2756 1190 2831 τὴν
1235 2757 1513 2836 ταχίστην
1556 2781 1783 2837 αγερσιν
1824 2780 1939 2815 ποι-

261 2845 338 2903 49
358 2837 527 2900 οἳτο.”
606 2839 676 2897 Ὁ
721 2840 766 2897 δ’
810 2840 1077 2917 ἀμείβετο
1121 2841 1319 2924 λέγων·
1368 2855 1405 2881 “
1423 2844 1464 2903 ὦ
1507 2845 1773 2921 βασιλεῦ,
1821 2869 1940 2903 ουτε

351 2925 599 3004 στρατὸν
637 2930 834 2984 τοῦτον
875 2927 1031 2991 ὅστις
1055 2955 1124 3009 γε
1156 2930 1442 2990 crinem*
1415 2958 1528 3010 εχει
1568 2929 1842 3008 μέμφοιτ’
1860 2929 1940 3000 ἂν,

351 3015 479 3074 οὔτε
507 3017 619 3073 τῶν
656 3016 790 3071 νεῶν
821 3013 886 3071 τὰ
920 3018 1158 3090 πλῆθος·
1200 3015 1269 3091 ἤν
1294 3044 1355 3076 τε
1382 3024 1625 3081 πλεῦνας
1651 3018 1940 3097 συλλέξῃς.

349 3102 422 3161 τσῖ
447 3101 544 3160 δύο
570 3125 659 3159 τοι
683 3097 756 3159 ταῖ
783 3100 931 3181 λέγω
955 3106 1157 3182 πολλῷ
1188 3106 1266 3163 ἔτι
1293 3105 1680 3184 πολεμιώτερα
1717 3105 1941 3186 γίνεται·

351 3188 423 3248 vd
449 3189 510 3248 δὲ
535 3187 634 3248 δύο
657 3191 839 3248 ταῦτα
870 3190 991 3249 ἔστι
1029 3194 1107 3270 γῆ
1142 3217 1203 3254 τ.ε
1232 3192 1324 3250 καὶ
1352 3191 1646 3253 θάλασσα·
1689 3190 1816 3254 οὗτε
1839 3193 1944 3276 γὰρ
