2100 3409
191 38 480 104 146—148]
825 37 1197 89 nonnum.
1696 39 1785 93 179

187 127 252 180 ἐκ
286 123 393 181 τοῦ
428 117 653 179 Πόντου
687 115 975 198 σιταγωγὰ
1012 116 1391 178 διεκπλώοντα
1415 143 1515 177 τον
1538 115 1788 195 Ἑλλήσ-

186 232 414 277 ποντον,
445 207 499 269 ἐς
522 230 585 265 τε
612 205 842 285 Αἴγιναν
862 206 955 263 καὶ
974 196 1419 279 Πελοπόννησον
1439 204 1790 282 κομιζόμενα·

186 299 245 355 οἱ
268 297 376 372 μὲν
402 294 471 370 δὴ
496 292 758 370 πάρεδροι
785 291 969 362 αὐτοῦ,
998 319 1071 355 ως
1098 292 1367 353 ἐπύθοντο
1386 292 1705 368 πολέμια’
1654 318 1791 352 ειναι

184 381 261 443 τὰ
300 384 497 450 πλοῖα,
535 384 748 457 ἑτοῖμοι
784 378 935 455 ἦσαν
974 381 1175 457 αἱρέειν
1215 378 1372 451 αὐτὰ,
1414 380 1793 455 ἐσβλέποντες

188 475 246 534 ἐς
290 469 393 530 τὸν
438 469 710 545 βασιλέα,
736 466 897 528 ὁκότε
943 468 1334 548 παραγγελέει·
1390 467 1422 528 ὁ
1469 468 1529 526 δὲ
1581 467 1805 545 Ξέρξης·

187 559 372 636 εἴρετο
411 555 626 626 αὐτοῦς,
663 553 767 632 ὅκη
806 556 1059 626 πλέοιεν;
1110 558 1163 615 οἱ
1204 555 1263 615 δὲ
1300 556 1478 615 εἶπαν·
1523 565 1559 590 “
1577 560 1632 619 ἐς
1662 556 1792 619 τούς

184 645 333 708 σούς
370 644 692 721 πολεμίους,
736 642 779 702 ὦ
817 643 1083 712 δέσποτα,
1126 647 1287 703 σῖτον
1327 640 1604 723 ἄγοντες·”
1656 642 1688 703 ὁ
1730 643 1790 702 δὲ

183 730 505 808 ὑπολαβών
557 733 686 807 ἔφη·
741 741 777 766 “
794 729 892 790 οὐκ
933 729 1009 790 ὦν
1049 730 1142 789 καὶ
1181 729 1341 808 ἡμεῖς
1381 733 1494 789 ἐκεῖ
1543 730 1790 807 πλέομεν

188 821 432 897 ἔνθαπερ
467 819 559 878 καὶ
595 816 747 878 οὗτοι
782 818 940 878 τοῖσί
970 843 1030 876 τε
1057 817 1292 877 ἄλλοισι
1317 818 1670 895 ἐξηρτυμένοι
1697 819 1789 877 καὶ

186 908 368 986 σίτῳς
409 908 470 966 τί
490 907 630 983 δῆτα
655 905 938 965 ἀδικέουσι
964 904 1117 965 οὗτοι
1140 904 1276 980 ἡμῖν
1301 931 1457 965 σιτια
1481 907 1786 982 παρακομί-

187 993 433 1065 ζοντες;”
494 996 548 1053 οἱ
586 994 691 1071 μέν
731 1019 827 1052 νυν
868 992 1217 1052 κατάσκοποι
1270 992 1410 1052 οὕτω
1452 992 1793 1069 θεησάμενοί

185 1108 252 1143 τε
280 1084 373 1141 καὶ
400 1082 858 1158 ἀποπεμφθέντες
884 1079 1199 1156 ἐνόστησαν
1226 1085 1279 1144 ἐς
1297 1081 1400 1157 τήν
1424 1079 1717 1158 Εὐρώπην.

273 1172 352 1230 Οἱ
384 1169 443 1228 δὲ
479 1167 794 1246 συνωμόται
819 1167 1110 1244 Ἑλλήνων
1136 1168 1228 1227 ἐπὶ
1257 1172 1334 1246 τῷ
1367 1169 1579 1245 Πέρσῃ,
1605 1168 1748 1244 μετὰ
1770 1171 1885 1227 148

185 1257 295 1334 τήν
336 1255 664 1333 ἀπόπεμψιν
702 1259 810 1316 τῶν
852 1255 1235 1326 κατασκόπων,
1278 1255 1571 1332 δεύτερα”
1543 1280 1789 1331 επεμπον

186 1350 246 1409 ἐς
275 1344 491 1425 Ἀργος
528 1344 821 1426 ἀγγέλους.
901 1342 1147 1424 Ἀργεῖοι
1188 1343 1248 1404 δὲ
1286 1346 1520 1425 λέγουσι
1559 1369 1630 1402 τα
1671 1343 1787 1402 κατ’

189 1432 425 1499 ἑωυτους
464 1432 727 1513 γενέσθαι
769 1430 889 1491 ὦδε·
945 1432 1225 1494 πυθέσθαι
1271 1431 1381 1512 γὰρ
1430 1431 1625 1491 αὐτίκα
1671 1430 1788 1490 κατ’

187 1520 372 1600 ἅρχας
400 1546 472 1580 τα
505 1524 563 1579 ἐκ
595 1523 696 1579 τοῦ
721 1519 1023 1596 βαρβάρου
1058 1517 1378 1599 ἐγειρόμενα
1411 1521 1503 1579 ἐπὶ
1532 1519 1635 1594 τήν
1658 1518 1788 1578 Ἑλ-

185 1608 357 1680 λάδα,
384 1606 688 1683 πυθόμενοι
720 1606 795 1676 δὲ,
825 1607 915 1665 καὶ
948 1606 1218 1683 μαθόντες
1253 1606 1323 1669 ὥς
1357 1614 1542 1683 σφεας
1574 1610 1627 1666 οἶ
1650 1605 1788 1665 Ἕλ-

184 1700 359 1772 ληνες
376 1693 737 1770 πειρήσονται
757 1693 1297 1771 παραλαμβάνοντες
1314 1695 1404 1753 ἐπὶ
1422 1693 1521 1754 τόν
1537 1693 1786 1769 Πέρσην,

182 1786 415 1861 πέμψαι
446 1781 788 1858 θεοπρόπους
820 1787 876 1844 ἐς
903 1780 1182 1856 Δελφοῧς,
1208 1780 1308 1840 τόν
1340 1780 1469 1840 θεὸν
1502 1784 1789 1856 ἐπειρησο·

180 1873 391 1949 μένους
436 1869 506 1933 ὥς
549 1876 661 1945 σφι
701 1870 903 1947 μέλλει
944 1866 1178 1946 ἄριστον
1224 1870 1447 1926 ποιεῦσι
1488 1866 1786 1946 γενέσθαι;

182 1960 392 2020 νεωστὶ
410 1957 522 2039 γὰρ
548 1957 741 2033 σφέων
765 1955 1023 2017 τεθνάναι
1049 1953 1458 2033 ἑξακισχιλίους
1482 1951 1592 2012 om)
1613 1960 1791 2012 Λακε-

168 2047 489 2126 -δαιμονίων
515 2047 606 2105 καὶ
632 2045 983 2122 Κλεομένεος
1005 2047 1107 2104 τοῦ
1131 2041 1579 2120 Ἀναξανδρίδεω·
1619 2040 1791 2100 τῶνδε

185 2134 260 2211 δὴ
282 2135 465 2194 εἵνεκα
482 2135 739 2211 πέμπειν·
766 2132 871 2209 τήν
890 2133 949 2192 δὲ
971 2131 1191 2207 Πυθίην
1212 2133 1548 2208 ἐπειρωτῶσι
1568 2127 1792 2190 αὐτοῖσι

184 2221 415 2284 ἀνελεῖν
438 2219 588 2281 τάδε·

313 2328 500 2389 Ἐχθρὲ
532 2327 894 2389 περικτιόνεσσι,
934 2324 1033 2386 φίλ’
1070 2326 1352 2375 ἀθανάτοισι
1386 2326 1552 2385 θεοῖσι,

325 2402 440 2449 εἴσω
472 2401 555 2448 τὸν
587 2400 879 2461 προβόλαιον
912 2400 1038 2460 ἔχων
1072 2399 1441 2458 πεφυλαγμένος
1472 2395 1582 2457 ἧσο,

325 2473 410 2520 καὶ
441 2473 660 2545 κεφαλὴν
693 2473 962 2532 πεφύλαξο·
1009 2470 1132 2532 κάρη
1166 2468 1218 2518 δὲ
1249 2471 1306 2517 τὸ
1340 2471 1479 2527 σῶμα
1513 2467 1710 2517 σαώσει.

186 2577 372 2636 ταῦτα
412 2600 517 2651 μεν
555 2599 660 2682 την
695 2573 914 2649 Πυθίην
951 2576 1167 2651 χρῆσαι
1206 2569 1492 2646 πρότερον·
1533 2567 1676 2645 μετὰ
1716 2567 1791 2637 δὲ,

190 2662 266 2726 ὥς
303 2662 489 2721 ἐλθεῖν
517 2687 645 2724 τους
679 2660 955 2742 ἀγγέλους
990 2664 1044 2721 ἐς
1081 2658 1149 2735 δή
1182 2658 1247 2716 τό
1273 2657 1499 2737 Ἄργος,
1538 2657 1795 2716 ἐπελθεῖν

190 2750 289 2809 ἐπὶ
312 2774 378 2810 το
405 2747 812 2825 βουλευτήριον
831 2748 923 2807 καὶ
948 2747 1136 2827 λέγειν
1155 2745 1225 2804 τοὶ
1246 2743 1632 2855 ἐντεταλμένα·
1666 2767 1795 2804 τους

190 2838 255 2898 δὲ
291 2836 433 2916 πρὸς
463 2861 533 2895 τα
567 2834 845 2916 λεγόμενα
877 2833 1302 2911 ὑποκρίνασθαι,
1330 2831 1401 2896 ὦς
1437 2831 1652 2907 ἐτοῖμοί
1684 2833 1795 2887 εἰσι

188 2925 443 3006 Ἀργεῖοι
468 2924 675 2983 ποιέειν
699 2927 890 2994 ταῦτα,
917 2920 1214 3000 τριήκοντα
1242 2923 1364 2980 ἔτεα
1392 2918 1610 2996 ειρήνην
1636 2939 1794 2975 σπει-

191 3013 436 3090 σάμενοι
486 3011 976 3089 Λακεδαιμονίοισι
1030 3010 1124 3067 καὶ
1179 3006 1472 3090 ἡγεόμενοι
1530 3027 1669 3061 κατα
1725 3025 1792 3058 το

190 3100 376 3178 ἥμισυ
420 3124 610 3176 πασης
655 3104 756 3176 τῆς
800 3098 1142 3177 συμμαχίης·
1199 3097 1377 3154 καίτοι
1424 3088 1564 3150 κατά
1609 3110 1677 3165 γε
1726 3111 1795 3144 το

191 3189 412 3250 δίκαιον
449 3188 708 3268 γίνεσθαι
739 3185 843 3263 τὴν
876 3185 1179 3267 ἡγεμονίην
1220 3183 1444 3246 ἑωυτῶν,
1481 3166 1614 3234 αλλ
1646 3170 1794 3247 ὅμως
