2100 3409
372 64 436 111 56
980 59 1349 109 ἭΡοΔοϊῡί·
1683 59 1688 62 ’
1876 62 1960 129 [V.

349 135 653 218 ·Περσε’ων,
682 137 920 200 ἐνθαῦτα
947 139 1041 199 ἐπὶ
1064 142 1143 217 τῷ
1171 137 1422 217 Μαρσύῃ
1460 141 1698 219 ποταμῷ
1731 142 1960 219 συνέβα-

367 227 473 289 λόν
507 254 569 289 τε
603 231 757 287 τοῖσι
791 227 1059 306 Πέρσῃσι
1100 229 1154 285 οἱ
1184 230 1386 303 Κᾶρες,
1417 226 1509 285 καὶ
1543 226 1736 307 μάχην
1778 231 1960 313 ἐμαχέ-

367 343 542 377 σαντο
587 315 828 395 ἰσχυρὴν
871 316 964 374 καὶ
1008 315 1102 375 ἐπὶ
1152 313 1359 393 χρόνον
1405 314 1647 376 πολλόν·
1699 318 1861 382 τέλος
1907 318 1960 376 δὲ

367 406 706 480 ἑσσώθησαν
742 403 831 470 δισῖ
872 404 1114 479 πλῆθος.
1198 402 1467 480 Περσέων
1512 406 1617 480 μὲν
1660 404 1730 480 δή
1773 406 1958 466 ἔπεσον

365 493 556 568 ἄνδρες
585 496 640 554 ἐς
667 490 998 570 δισχιλίους,
1026 494 1234 568 Καρῶν
1267 491 1327 549 δὲ
1353 496 1408 553 ἐς
1433 492 1681 568 μυρίους·
1726 495 1956 554 ἐνθεῦτεν

366 581 427 639 δὲ
453 584 507 639 οἱ
534 578 897 660 διαφυγόντες
922 578 1104 639 αὐτῶν
1124 578 1541 655 κατειλήθησαν
1559 585 1613 643 ἐς
1633 579 1947 658 Ασίβρανδα,

366 673 422 732 ἐς
464 667 601 731 Διός
649 667 919 745 Στρατίου
970 665 1106 743 ἱρᾶν,
1149 668 1297 748 μέγα
1344 692 1407 726 τε
1449 667 1540 726 καὶ
1584 667 1747 747 ἅγιον
1789 670 1950 731 ἄλσος

363 759 775 816 πλατανίστων.
859 760 1058 833 μοῦνοι
1102 756 1177 825 δὲ,
1218 760 1328 816 τῶν
1366 755 1526 832 ἡμεῖς
1567 757 1740 832 ἴδμεν,
1784 759 1950 834 Κᾶρές

364 849 474 904 εἶσι
503 845 555 904 οἳ
583 846 679 904 Διῒ
707 835 957 924 Στρατίῳ
1001 844 1200 907 θυσίας
1240 843 1532 924 ἀνάγουσι.
1619 846 1946 920 κατειληθέν-

361 959 453 996 τες
494 933 568 993 ὧν
612 931 766 991 οὗτοι
813 934 1052 992 ἐνθαῦτα
1089 930 1461 1007 ἐβουλεύοντο
1502 932 1632 1006 περὶ
1676 934 1946 1010 σωτηρίης,

362 1020 611 1097 ὁκότερα,
658 1019 695 1096 ἢ
743 1019 1084 1095 παραδόντες
1132 1020 1317 1094 σφέας
1365 1018 1563 1081 αὐτοῦς
1613 1022 1870 1099 Πέρσῃσι
1915 1018 1946 1095 ἦ

365 1109 684 1171 ἐκλιπόντες
729 1105 796 1168 τό
840 1107 1108 1185 παράπαν
1148 1106 1253 1182 τήν
1293 1105 1511 1182 Ἀσίην,
1556 1106 1782 1185 ἄμεινον
1824 1106 1945 1185 πρή·

268 1198 382 1255 120
407 1199 585 1266 ξουσι.
630 1196 1105 1272 Βουλευομένοισι
1132 1196 1194 1255 δέ
1219 1202 1332 1270 σφι
1358 1199 1535 1254 ταῦτα
1568 1198 1946 1276 παραγίνονται

359 1287 694 1359 βοηθέοντες
738 1284 1028 1360 Μιλήσιοί
1063 1310 1126 1343 τε
1175 1284 1266 1342 καὶ
1320 1287 1373 1343 οἳ
1426 1284 1720 1365 σύμμαχοι
1768 1283 1944 1343 αὐτῶν·

363 1374 598 1431 ἐνθαῦτα
636 1373 697 1430 δὲ
735 1371 808 1430 vot
848 1373 952 1447 μὲν
991 1370 1266 1448 πρότερον
1292 1374 1346 1431 οἱ
1373 1376 1559 1447 Κᾶρες
1595 1370 1945 1448 ἐβουλεύοντο

358 1463 620 1535 μετῆκαν,
655 1462 707 1517 οῖ
736 1459 814 1518 ’δὲ
858 1456 1011 1521 αὖτις
1052 1462 1323 1536 πολεμεῖν
1357 1459 1427 1529 ’ἐξ
1465 1458 1643 1538 ἅρχῆς
1684 1460 1943 1537 ἀρτέοντο·

361 1547 453 1605 καὶ
507 1548 732 1605 ἐπιοῦσί
772 1572 835 1606 τε
881 1549 1034 1606 τοῖσι
1080 1547 1348 1628 Πέρσῃσι
1395 1546 1823 1625 συμβάλλουσι,
1864 1546 1946 1605 καὶ

358 1634 742 1713 μαχεσάμενοι
771 1634 861 1693 ἐπὶ
887 1633 1128 1694 πλευν*
1092 1660 1129 1711 η
1156 1635 1429 1713 πρότερον
1470 1635 1823 1712 ἑσσώθησαν·
1859 1660 1945 1693 πε-

362 1724 574 1783 σόντων
610 1722 669 1781 δε
704 1726 813 1783 τῶν
852 1748 1074 1783 παντων
1114 1727 1363 1794 πολλῶν,
1393 1722 1679 1799 Μιλήσιοι
1708 1723 1946 1801 μάλιστα

267 1794 377 1873 121
402 1811 753 1892 ἐπλήγησαν.
836 1810 1001 1871 Μετα
1027 1812 1103 1884 δὲ,
1132 1815 1301 1871 τοῦτο
1339 1836 1407 1872 το
1444 1816 1638 1889 τρῶμα
1679 1810 1947 1887 ἀνέλαβόν

360 1924 421 1957 τε
458 1901 550 1959 καὶ
592 1899 1015 1979 ἀνεμαχέσαντο
1053 1902 1107 1958 οἱ
1149 1903 1354 1977 Κᾶρες·
1396 1899 1703 1976 πυθόμενοι
1741 1901 1844 1981 γάρ
1881 1899 1946 1962 ὥς

361 1988 767 2065 στρατεύεσθαι
810 1988 1080 2063 ὁρμέαται
1128 1990 1181 2047 οἱ
1230 1989 1453 2068 Πέρσαι
1508 1989 1599 2047 ἐπὶ
1650 1987 1750 2052 τὰς
1794 1987 1945 2050 πόλις

361 2076 569 2151 σφέων,
599 2075 889 2153 ἐλόχησαν
928 2074 1032 2151 τήν
1074 2081 1132 2135 ἐν
1160 2075 1412 2154 Πηδάσῳ
1441 2075 1588 2136 ὁδόν·
1632 2081 1687 2139 ἐς
1725 2075 1826 2152 τὴν
1864 2081 1940 2151 ἐμ-

359 2162 628 2223 πεσόντες
662 2165 715 2219 οὶ
742 2163 966 2236 Πέρσαι
1007 2162 1203 2227 νυκτὸς
1243 2164 1631 2240 διεφθάρησαν
1672 2165 1763 2223 καὶ
1803 2161 1943 2223 αὐτοὶ

362 2250 453 2309 καὶ
481 2274 535 2307 οι
561 2249 867 2330 στρατηγοὶ
895 2248 1092 2320 αὐτῶν,
1123 2253 1411 2328 Δαυρίσης
1445 2252 1536 2310 καὶ
1561 2250 1841 2334 Ἀμόργης
1865 2251 1943 2309 καὶ

362 2336 693 2413 Σισιμάκης·
736 2362 842 2398 συν
878 2337 940 2397 δέ
974 2346 1088 2415 σφι
1128 2336 1369 2399 απέθανε
1407 2340 1499 2397 καὶ
1527 2337 1766 2416 Μύρσος
1800 2339 1831 2399 ὁ
1854 2337 1943 2398 Γυ-

358 2450 486 2505 γεω.
567 2427 667 2484 τοΰ
703 2425 763 2484 δὲ
802 2425 982 2505 λόχου
1016 2425 1219 2486 τούτου
1249 2425 1473 2507 ἦγεμων
1497 2425 1568 2502 ἦν
1592 2425 1944 2537 Ἡρακλείδης

358 2511 704 2588 Ἰβανώλιος,
752 2512 897 2590 ἀνὴρ
940 2513 1270 2576 Μυλασεύς.
1355 2512 1509 2573 οὗτοι
1559 2514 1666 2591 μέν
1711 2539 1807 2575 νυν
1847 2518 1943 2575 τῶν

294 2665 299 2672 ,
366 2603 630 2677 Περσέων
672 2601 812 2661 οὕτω
854 2601 1261 2678 διεφθάρησαν.

269 2691 380 2748 122
463 2688 666 2767 ’Υμέης
693 2690 769 2759 δὲ,
799 2691 890 2748 καὶ
914 2689 1085 2753 αὐτὸς
1114 2688 1217 2750 ἐῶν
1246 2693 1357 2750 τῶν
1398 2688 1795 2771 ἐπιδιωξάντων
1830 2690 1944 2751 τούς

359 2782 414 2840 ἐς
460 2777 658 2854 Σάρδις
697 2778 1216 2854 στρατευσαμένους
1257 2776 1471 2846 Ἰώνων,
1519 2777 1863 2855 τραπόμενος
1898 2782 1945 2839 ἐς

360 2864 462 2940 τήν
489 2865 847 2941 Προποντίδα
876 2865 990 2923 εἷλε
1019 2870 1164 2925 Κῖον
1193 2866 1297 2941 τὴν
1323 2865 1577 2941 Μυσίην.
1658 2866 1860 2942 ταύτην
1894 2865 1943 2923 δὲ

362 2953 578 3023 ἐξελῶν,
609 2951 680 3015 ὦς
717 2952 948 3011 ἐπύθετο
984 2953 1085 3013 τὸν
1108 2953 1542 3028 Ἑλλήσποντον
1576 2955 1944 3014 ἐκλελοιπέναι

363 3042 649 3119 Δαυρίσην
681 3041 772 3099 καὶ
808 3041 1215 3117 στρατεύεσθαι
1256 3043 1347 3116 ἐπὶ
1376 3043 1609 3118 Καρίης,
1640 3042 1944 3121 καταλιπαῖν

359 3131 461 3206 τήν
516 3130 876 3207 Προποντίδα
930 3131 1021 3189 ἐπὶ
1071 3126 1172 3190 τὸν
1222 3129 1658 3205 Ἑλλήσποντον
1710 3130 1814 3212 ἦγε
1860 3130 1947 3191 τᾶν

362 3220 622 3295 στρατόν·
681 3219 770 3276 καὶ
817 3219 930 3277 εἷλε
975 3222 1081 3295 μὲν
1126 3219 1367 3283 Αἰολέας
1420 3216 1633 3282 πάντας
1678 3218 1807 3279 ὅσοι
1853 3213 1946 3292 τὴν
