2100 3409
215 57 442 121 ⁷6——83J
833 53 1203 105 nom-MMA.
1730 59 1822 106 153

212 139 506 217 μαχαίρας
542 134 707 216 εἶχον.
796 141 1007 213 Μαρῶν
1048 136 1108 194 δὲ
1149 134 1241 194 καὶ
1273 134 1518 214 Κόλχων
1543 135 1686 215 ἦρχε
1711 146 1821 196 Φα-

211 224 497 303 ρανδάτης
523 224 555 284 6
583 224 880 286 Τεάσπιος.
947 221 1272 302 Ἀλαρόδιοι
1309 224 1367 282 δὲ
1396 224 1486 282 καὶ
1515 224 1822 303 Σάσπειρες

213 313 471 390 κατάπερ
511 313 736 391 Κόλχοι
779 312 1116 389 ὁπλισμένοι
1159 312 1575 389 ἐστρατεύοντο*
1616 313 1820 375 τούτων

211 404 277 462 δὲ
304 402 637 463 Μασίστιος
663 399 695 459 6
725 402 1062 478 Σιρομίτρεω
1086 401 1246 479 ἦρχε.
1321 400 1403 458 Ταῖ
1431 401 1489 458 δὲ
1515 426 1815 476 νησιωτικα

210 492 379 550 ἔθνεα
404 487 478 548 τά
507 494 567 547 ἐκ
598 492 699 563 τῆς
722 486 992 565 Ἐρυθρῆς
1019 487 1319 564 θαλάσσης
1348 488 1606 572 ἑπόμενα,
1635 488 1820 565 νήσων

210 578 275 637 δὲ
303 583 364 636 ἐν
387 583 526 656 τῇσι
551 577 682 639 τούς
701 575 1102 639 ἀνασπάστους
1129 579 1499 654 καλεομένους
1528 577 1821 648 κατοικίζει

205 664 514 741 βασιλεῦς,
543 663 837 745 ἀγχοτάτω
872 669 983 725 τῶν
1009 665 1276 740 Μηδικῶν
1317 666 1470 744 εἶχον
1511 665 1727 740 ἐσθῆτά
1754 694 1818 726 τε

210 756 306 813 καὶ
343 753 518 812 ὅπλα.
559 752 769 813 τούτων
805 753 864 811 δὲ
902 758 1012 813 τῶν
1053 755 1363 829 νησιωτέων
1389 755 1529 833 ἦρχε
1557 755 1814 831 Μαρδόν-

205 869 311 917 της
352 842 385 901 6
413 841 682 922 Βαγαίου,
711 840 772 904 ὃς
813 847 871 900 ἐν
907 841 1154 921 Μυκάλῃ
1193 843 1549 923 στρατηγέων
1589 842 1818 922 δευτέρῳ

118 944 128 952 ’
208 931 321 988 ἔτεϊ
361 929 571 989 τούτων
612 928 942 1005 ἐτελεύτησε
984 935 1042 989 ἐν
1082 935 1153 1008 τῇ
1193 931 1368 1010 μάχῃ.

291 1016 555 1077 Ταῦτα’
518 1044 589 1093 ην
614 1016 685 1076 τοὶ
713 1017 829 1076 κατ’
855 1016 1085 1095 ἤπειρον
1111 1019 1525 1097 στρατευόμενά
1547 1046 1610 1079 τε
1638 1021 1812 1090 ἔθνεα,

207 1107 303 1165 καὶ
330 1106 682 1217 τεταγμένα
674 1110 727 1167 ἐς
752 1132 819 1165 το
846 1106 1030 1176 πεζόν.
1115 1106 1314 1166 τούτου
1343 1108 1415 1166 ὧν
1440 1111 1541 1167 τοῦ
1569 1112 1813 1183 στρατοῦ

204 1194 387 1271 ἦρχον
426 1192 582 1253 οὗτοι
622 1193 781 1270 οἵπερ
818 1195 1076 1271 ειρέαται·
1120 1194 1211 1251 καὶ
1246 1199 1298 1253 οἱ
1333 1177 1684 1261 διατάξαντες
1724 1194 1814 1253 καὶ

207 1281 686 1358 ἐξαριθμήσαντες
729 1280 883 1342 οὗτοι
928 1281 1095 1358 ἦσαν,
1142 1282 1233 1341 καὶ
1275 1280 1576 1363 χιλιάρχας
1617 1308 1686 1340 τε
1724 1280 1816 1341 καὶ

203 1370 523 1448 μυριάρχας
549 1369 932 1438 ἀποδέξαντες·
975 1370 1383 1451 ἑκατοντάρχας
1411 1372 1469 1430 δὲ
1497 1370 1587 1428 καὶ
1626 1369 1813 1447 δεκάρ-

203 1484 313 1535 χας
348 1460 407 1516 οἱ
441 1456 761 1535 μυριάρχαι.
841 1458 1048 1518 τελέων
1089 1459 1150 1529 δὲ
1189 1461 1281 1517 καὶ
1318 1461 1516 1520 ἐθνέων
1540 1457 1691 1534 ἦσαν
1716 1456 1813 1517 ἅλ-

204 1549 302 1604 λοι
343 1545 713 1621 σημάντορες·
754 1545 904 1621 ἦσαν
929 1550 1034 1624 μὲν
1061 1546 1129 1622 δή
1157 1546 1331 1618 οὗτοι,
1360 1549 1519 1624 οἵπερ
1558 1549 1811 1625 εἰρέαται,

205 1632 500 1711 ἄρχοντες.
574 1631 988 1715 Ἐσ-τρατήγεον
1019 1636 1079 1694 δὲ
1105 1634 1311 1695 τούτων
1335 1662 1399 1695 τε
1425 1636 1518 1694 καὶ
1542 1639 1643 1694 τοῦ
1670 1634 1812 1710 σύμ-

203 1746 417 1783 παντος
443 1725 688 1798 στρατοῦ
713 1726 813 1781 τοῦ
839 1724 1008 1792 πεζοῦ
1030 1721 1348 1798 Μαρδόνιός
1371 1748 1436 1782 τε
1463 1721 1494 1782 6
1522 1722 1812 1798 Γωβρύεω,

205 1809 299 1868 καὶ
332 1809 780 1887 Τριτανταίχμης
805 1809 837 1869 6
863 1809 1220 1886 Ἀρταβάνου
1259 1815 1361 1869 τοῦ
1394 1809 1621 1890 γνώμην
1658 1809 1813 1885 θεμέ-

203 1923 303 1956 νου
342 1896 427 1973 μὴ
469 1897 876 1973 στρατεύεσθαι
905 1898 996 1957 ἐπὶ
1022 1896 1128 1973 τὴν
1152 1896 1422 1967 Ἑλλάδα,
1451 1896 1545 1955 καὶ
1572 1896 1815 1972 Σμερδο-

202 1985 375 2061 μένης
398 1984 453 2045 -6
486 1983 1056 2062 Ὀτάνεω-Δαρείου
1098 1984 1412 2062 ἀμφότεροι
1452 1982 1610 2043 οὗτοι
1649 1981 1810 2042 οἷδελ-

204 2076 363 2147 φεῶν
387 2072 597 2141 παῖδες,
618 2073 800 2151 Ξέρξῃ
828 2074 887 2133 δὲ
915 2074 1162 2154 ἐγίνοντο
1204 2072 1598 2152 ἀνεψιοὶ-και
1623 2073 1814 2131 Μασί-

204 2184 347 2235 στης
380 2160 411 2220 ὁ
442 2160 682 2236 Δαρείου
708 2188 771 2220 τε
799 2163 893 2220 καὶ
916 2160 1204 2237 Ἀτόσσης
1244 2165 1390 2233 παῖς,
1420 2162 1513 2221 καὶ
1544 2161 1740 2243 Γέργις
1780 2159 1812 2221 6

201 2242 472 2325 Ἀρίζου,’
484 2248 577 2308 καὶ
616 2249 962 2329 Μεγάβυζος
1004 2248 1036 2309 6
1075 2249 1362 2358 Ζωπύρου.
1448 2248 1624 2311 Οὗτοι
1663 2249 1813 2325 ἦσαν

204 2337 518 2417 στρατηγοὶ
544 2340 642 2394 τοῦ
671 2336 996 2413 σύμπαντος
1021 2342 1269 2414 στρατοῦ
1297 2340 1483 2411 πεζοῦ,
1512 2339 1679 2417 χωρὶς
1702 2342 1812 2397 τῶν

202 2426 432 2501 μυρίων·
474 2427 586 2484 τῶν
629 2425 686 2483 δὲ
729 2425 939 2501 μυρίων
979 2426 1188 2485 τούτων
1230 2427 1496 2501 Περσέων
1530 2430 1638 2485 τῶν
1675 2423 1809 2483 άπο-

203 2512 559 2592 λελεγμένων
601 2512 937 2593 ἐστρατήγεε
977 2516 1081 2590 μὲν
1114 2511 1383 2588 ’Υδάρνης
1427 2511 1459 2570 6
1498 2511 1807 2588 Ὑδάρνεος·

205 2601 507 2659 ἐκαλέοντο
540 2600 599 2658 δὲ
623 2599 924 2660 Ἀθάνατοι
961 2604 1015 2660 οἱ
1043 2601 1270 2675 Πέρσαι
1309 2597 1461 2659 οὗτοι
1503 2599 1595 2657 ἐπὶ
1629 2599 1808 2659 τοῦδε·

204 2688 257 2744 εἴ
277 2713 363 2750 τις
390 2686 572 2746 αὐτῶν
605 2688 825 2756 ἐξέλιπε
864 2686 965 2748 τὸν
1004 2684 1303 2764 dptOpdv*
1269 2712 1307 2761 η
1335 2685 1550 2764 θανάτῳ
1590 2687 1812 2762 βιηθεὶς

201 2773 238 2848 ἢ
267 2774 468 2853 νούσῳ,
498 2773 676 2839 ἄλλος
704 2775 843 2854 σ’,νηρ
869 2776 1157 2853 ἀραίρητο·
1201 2773 1293 2831 καὶ
1317 2774 1566 2854 ἐγίνοντο
1594 2772 1811 2849 ουδαμσὶ

204 2887 332 2921 ουτε
372 2866 611 2925 πλεῦνες
651 2865 859 2940 μυρίων
901 2863 1028 2924 οὔτε
1077 2862 1406 2926 ἐλάσσονες.
1489 2861 1705 2937 κόσμον
1752 2861 1812 2917 δὲ

200 2952 483 3010 πλεῖστον
518 2950 852 3029 παρείχοντο
893 2952 985 3011 ὃιοὶ
1016 2949 1239 3011 πάντων
1264 2951 1507 3028 Πέρσαι,
1537 2949 1630 3006 καὶ
1655 2946 1812 3004 αὐτοὶ

203 3033 432 3115 ἄριστοι
458 3037 624 3113 ἦσαν·
666 3039 875 3116 σκευὴν
900 3041 1004 3117 μὲν
1029 3037 1292 3114 τοιαύτην
1318 3035 1534 3118 εἶχον
1495 3057 1641 3110 ηπερ
1670 3031 1812 3106 εἶρη·

201 3150 314 3185 ται·
356 3127 528 3206 χωρὶς
566 3127 641 3198 δὲ,
669 3128 887 3208 χρυσόν
910 3154 973 3187 τε
998 3126 1222 3187 πολλόν
1249 3127 1342 3184 καὶ
1367 3123 1618 3200 ἄφθονον
1658 3117 1810 3194 ἔχον-

201 3239 293 3277 τες
320 3214 638 3292 ἐνέπρεπον,
665 3217 997 3293 ἁρμαμάξας
1020 3242 1084 3274 τε
1120 3213 1239 3289 ἅμα
1264 3212 1470 3291 ἤγοντο
1497 3213 1555 3265 ἐν
1581 3205 1640 3263 δὲ
1666 3206 1811 3261 παλ-

1798 403 1915 464 *80

1832 1022 1904 1079 81

1831 1634 1907 1692 82

1828 2250 1905 2308 83
