2100 3409
283 51 350 100 28
899 49 1266 99 ἭΡοΔοτοτ
1797 46 1906 111 [ν.>

282 126 600 203 ἀπήλλαξε·
643 126 737 187 καὶ
778 125 1154 207 Ἀγχιμολίου
1204 126 1314 186 εἶσὶ
1353 125 1535 203 ταφαὶ
1567 128 1671 201 τῆς
1707 123 1891 188 Ἀττι-

284 221 382 292 κῆς
433 214 807 294 Ἀλωπεκῆσι,
876 213 1059 294 ἀγχοῦ
1106 216 1208 276 τοῦ
1258 214 1606 292 Ἡρακληΐου
1659 219 1764 274 τοῦ
1836 221 1895 276 ἐν

186 305 264 363 64
283 304 658 384 Κυνοσάργεϊ.
743 301 907 361 Μετὰ
959 302 1033 371 δὲ,
1077 301 1508 378 Λακεδαιμόνιοι
1561 302 1710 379 μέζω
1752 302 1892 364 στό-

209 459 215 474 l
281 397 385 452 λον
411 392 735 454 στείλαντες
761 389 1099 467 ἀπέπεμψαν
1117 391 1209 450 ἐπὶ
1233 389 1334 454 τοὶς
1360 389 1617 465 Ἀθήνας,
1646 415 1894 468 στρατη-

277 480 382 561 γὸν
420 484 523 555 τῆς
562 481 830 555 στρατιῆς
865 475 1231 547 ἀποδέξαντες
1271 478 1528 554 βασιλέα
1562 479 1894 554 Κλεομένεα

277 568 377 628 τὸν
401 566 848 643 Ἀναξανδρίδεω,
871 565 1054 625 οὐκέτι
1077 566 1219 626 κατα
1242 564 1549 628 θάλασσαν
1570 567 1894 630 στειλαντες

205 683 211 688 ·
278 654 432 715 ἀλλὰ
452 653 571 716 κατ’
597 654 846 732 ἤπειρον.
888 658 1040 714 τοῖσι
1069 654 1129 714 δὲ
1157 656 1483 730 ἐσβαλοῦσι
1504 659 1558 718 ἐς
1583 654 1687 730 τὴν
1714 654 1893 715 'Arn-

279 743 382 819 κῆν
405 745 594 823 χώρην
611 743 650 820 ἦ
674 748 785 804 τῶν
814 746 1130 804 Θεσσαλῶν
1161 743 1329 807 ἵππος
1348 744 1544 821 πρώτη
1561 744 1890 830 προσέμιξε,

280 834 373 891 καὶ
399 832 462 891 οὗ
487 830 631 910 μετὰ
654 831 806 893 πολι)
834 831 1123 910 ἐτράπετο·
1172 832 1268 891 καί
1291 838 1485 908 σφεων
1517 835 1722 892 ἔπεσον
1750 831 1891 910 ὑπὲρ

277 920 693 997 τεσσεράκοντα
723 919 939 997 ἄνδρας,
969 923 1022 979 οἱ
1050 920 1110 979 δὲ
1135 920 1551 1000 περιγενόμενοι
1577 917 1889 980 άπαλλάψ

277 1034 448 1067 σοντο
477 1008 547 1072 ὥς
575 1008 728 1088 εἶχον
756 1008 874 1072 ἰθῦς
903 1008 993 1068 ἐπὶ
1028 1008 1375 1083 Θεσσαλίης.
1460 1009 1789 1085 Κλεομένης
1831 1010 1890 1069 δὲ

276 1095 611 1174 ἀπικόμενος
643 1101 699 1159 ἐς
726 1096 793 1157 τὰ
820 1095 966 1156 ἄστυ
1000 1096 1117 1172 ἅμα
1144 1094 1451 1171 Ἀθηναίων
1481 1099 1633 1155 τοῖσι
1673 1097 1889 1171 βουλο-

274 1184 498 1261 μένοισι
525 1184 663 1244 εἶναι
690 1185 1049 1261 ἐλευθέροισι,
1081 1182 1405 1261 ἐπολιόρκεε
1434 1181 1564 1247 τους
1588 1183 1889 1260 τυράννους

186 1272 262 1330 65
281 1269 662 1353 ἀπεργμένους
697 1277 756 1333 ἐν
788 1276 863 1351 τῷ
904 1276 1249 1353 Πελασγικῷ
1275 1270 1492 1353 [τείχεϊ]
1508 1316 1521 1331 .
1582 1271 1699 1331 Καὶ
1729 1273 1888 1333 οὐδέν

273 1384 330 1418 τι
356 1359 574 1430 πάντως
610 1356 678 1419 ἂν
716 1360 931 1430 ἐξεῖλον
968 1358 1098 1422 τούς
1126 1359 1599 1437 Πεισιστρατίδας
1626 1362 1680 1419 οῖ
1706 1366 1886 1421 Λακε-

275 1445 568 1521 δαιμόνιοι·
597 1447 724 1507 οὔτε
746 1447 856 1528 γὰρ
885 1448 1121 1525 ἐπέδρην
1149 1446 1403 1508 ἐπενόεον
1427 1446 1801 1524 ποιήσασθαι,
1829 1449 1889 1510 οἵ

273 1560 336 1594 τε
365 1535 832 1612 Πεισιστρατίδαι
866 1536 1085 1596 σίτοισι
1114 1536 1206 1594 καὶ
1230 1539 1461 1596 ποτοῖσι
1488 1534 1549 1594 εὖ
1573 1561 1883 1614 παρεσκευ-

272 1621 467 1683 άδατο·
508 1621 996 1701 πολιορκήσαντές
1018 1649 1083 1683 τε
1110 1621 1177 1686 ἂν
1202 1622 1410 1701 ἡμέρας
1446 1622 1658 1705 ὀλίγας,
1700 1622 1882 1685 ἀπαλ-

274 1710 569 1772 λάσσοντο
608 1716 664 1775 ἐς
701 1711 807 1788 τήν
853 1710 1139 1788 Σπάρτην·
1189 1715 1288 1771 νῦν
1320 1712 1379 1769 δὲ
1417 1712 1687 1790 συντυχίη
1726 1716 1882 1773 τοῖσι

272 1801 377 1874 μὲν
395 1800 537 1877 κακή
560 1800 864 1882 ἐπεγένετο,
885 1804 1040 1860 τοῖσι
1068 1801 1128 1860 δὲ
1152 1798 1191 1875 ἦ
1220 1798 1360 1876 αὐτὴ
1387 1799 1528 1876 αὕτη
1550 1799 1877 1880 σύμμαχος·

271 1886 688 1967 ὖπεκτιθέμενοι
731 1889 842 1971 γοῖρ
888 1889 990 1958 ἔξω
1033 1892 1137 1965 τῆς
1180 1888 1364 1967 χώρης
1416 1890 1471 1947 οἶ
1522 1887 1716 1951 παῖδες
1768 1894 1881 1950 τῶν

274 1977 785 2056 Πεισιστρατιδέων
844 1975 1096 2052 ἥλωσαν·
1177 1979 1343 2036 τοῦτο
1397 1976 1457 2035 δὲ
1514 1974 1585 2038 οἷς
1640 1976 1877 2057 ἐγένετο,

271 2063 457 2124 πάντα
501 2063 680 2124 αὐτῶν
718 2063 790 2124 τοὶ
835 2061 1141 2143 πρήγματα
1196 2062 1651 2139 συνετετάρακτο·
1705 2066 1879 2143 παρέ-

272 2176 497 2227 στησαν
512 2152 573 2211 δὲ
592 2151 684 2210 ἐπὶ
698 2152 886 2229 μισθῷ
899 2154 1055 2210 τοῖσι
1067 2151 1315 2211 τέκνοισι
1331 2150 1416 2210 ἐπ’
1431 2151 1551 2210 οἶσι
1565 2149 1878 2227 ἐβούλοντο

271 2242 325 2297 οἱ
358 2238 665 2316 Ἀθηναῖοι,
695 2237 840 2299 ὥστε
881 2242 938 2298 ἐν
978 2237 1145 2300 πέντε
1184 2238 1430 2317 ἡμέρῃσι
1465 2244 1784 2318 ἐκχωρῆσαι
1818 2247 1879 2302 ἐκ

270 2330 372 2401 τῆς
393 2326 672 2402 Ἀττικῆς·
704 2326 848 2402 μετὰ
875 2327 951 2397 δὲ,
982 2326 1389 2405 ἐξεχώρησαν’
1361 2353 1417 2390 ες
1439 2328 1660 2408 Σίγειον
1686 2354 1754 2389 το
1784 2332 1878 2390 ἐπὶ
1958 2365 1968 2374 ·

267 2417 346 2491 τῷ
378 2413 736 2525 Σκαμάνδρῳ·
778 2413 1040 2491 ἄρξαντες
1069 2440 1173 2492 μεν
1203 2413 1511 2527 Ἀθηναίων
1545 2414 1628 2475 ἐπ’
1656 2417 1780 2476 ἔτεα
1818 2419 1882 2489 ἔξ

268 2527 333 2561 τε
389 2502 481 2562 καὶ
530 2501 845 2580 τριήκοντα,
888 2501 1080 2566 ἐόντες
1131 2503 1192 2561 δὲ
1246 2503 1339 2563 καὶ
1393 2528 1548 2564 ουτοι
1606 2503 1879 2567 οἷνέκαθεν

270 2588 485 2649 Πύλιοί
517 2613 581 2649 τε
619 2591 713 2649 καὶ
757 2589 1050 2666 Νηλεΐδαι,
1099 2594 1160 2651 ἐκ
1201 2594 1312 2651 τῶν
1357 2590 1539 2652 αυτῶν
1578 2593 1878 2673 γεγονότες

268 2678 362 2737 καὶ
403 2681 456 2737 οἱ
494 2677 647 2755 ἀμφὶ
680 2678 902 2755 Κόδρον
940 2704 1003 2739 τε
1031 2680 1125 2738 καὶ
1156 2678 1476 2752 Μέλανθον,
1506 2707 1561 2741 οι
1594 2682 1872 2760 πρότερον

270 2765 590 2841 ἐπήλυδες’
564 2765 760 2837 εόντες,
788 2766 1043 2848 ἐγένοντο
1085 2767 1376 2842 Αθηναίων
1403 2767 1699 2844 βασιλέες.
1780 2772 1877 2831 ἐπὶ

266 2852 466 2913 τούτου
506 2854 567 2913 δὲ
597 2854 692 2913 καὶ
724 2853 900 2914 τώυτὸ
936 2880 1149 2932 ουνομα
1186 2855 1648 2933 ἀπεμνημόνευσε
1680 2856 1876 2919 Ιππο-

268 2941 473 3017 κράτης
512 2944 590 3021 τῷ
624 2941 779 3000 παιδὶ
808 2941 1024 3011 θέσθαι,
1050 2942 1151 3003 τᾶν
1179 2943 1678 3022 Πεισίστρατον,’
1650 2946 1747 3005 επὶ
1769 2949 1874 3008 ‘roi‘

268 3027 558 3107 Νέστορος
594 3029 1014 3106 Πεισιστράτου
1045 3030 1369 3108 ποιεύμενος
1399 3032 1503 3108 τήν
1538 3034 1874 3110 ἐπωνυμίην.

267 3115 409 3177 οὕτω
448 3121 551 3194 μὲν
589 3117 875 3194 Ἀθηναῖοι
908 3117 1186 3195 τυράννων
1222 3118 1708 3200 ἀπαλλάχθησαν·
1759 3122 1876 3184 ὅσα

268 3202 331 3262 δὲ
355 3206 808 3284 ἐλευθερωθέντες
844 3206 1008 3284 ἔρξαν
1036 3205 1076 3282 ἢ
1107 3207 1316 3269 ἔπαθον
1350 3206 1616 3287 ἀξιόχρεα
1650 3209 1877 3289 ἀπηγή-
