2100 3409
185 33 478 96 102—106]
888 33 1114 81 ΕΡΑΤΩ.
1697 36 1788 84 101

187 117 331 193 ἔχων
373 112 489 173 α’πὸ
520 107 624 174 τοῧ
649 113 904 173 οἰκιστέω
928 117 1030 190 τῆς
1054 111 1427 191 Χερσονήσου
1452 112 1790 173 Μιλτιάδεω·

186 200 581 284 [Μιλτιάδης]
667 200 847 265 Οὗτος
899 201 967 277 δή
1023 200 1098 263 ὧν
1149 200 1278 261 τότε
1328 199 1362 261 ὁ
1415 199 1743 276 Μιλτιάδης,
1770 202 1886 262 104

187 289 335 366 ἥκων
379 294 440 349 ἔκ
483 294 587 365 τῆς
626 289 996 366 Χερσονήσου
1039 290 1131 349 καὶ
1174 287 1525 369 ἐκπεφευγῶς
1559 287 1792 350 διπλόον

191 378 452 448 θάνατον,
495 377 834 488 ἐστρατήγεε
876 376 1199 453 Ἀθηναίων.
1281 375 1400 454 ἅμα
1440 378 1545 453 μὲν
1587 374 1698 452 ’γὰρ
1739 378 1795 435 οἱ

190 468 441 529 Φοίνικες
484 464 654 525 αὐτον
695 491 749 524 οι
789 465 1166 535 ἐπιδιώξαντες
1204 465 1373 542 μέχρι
1390 462 1639 541 Ἴμβρου
1663 462 1792 541 περὶ

188 557 447 613 πολλοῦ
473 556 758 612 ἐποιεῦντο
797 554 1002 634 λαβεῖν
1045 578 1108 612 τε
1156 552 1248 611 καὶ
1295 551 1595 632 ἀναγαγεῖν
1637 550 1791 628 παροῖ

185 639 528 718 βασιλέα,
492 666 611 717 αμα
647 640 707 699 δὲ
748 643 1061 721 ἐκφυγόντα
1104 667 1165 700 τε
1201 637 1429 701 τούτους
1464 639 1558 698 καὶ
1598 638 1791 699 οἷπικό-

184 756 355 803 μενον
396 734 453 792 ἐς
491 728 595 804 τὴν
630 731 848 796 ἑωυτοῦ,
876 727 1137 786 δοκέοντά
1162 754 1224 787 τε
1264 726 1404 785 εἶναι
1443 731 1501 786 ἐν
1528 728 1790 806 σωτηρίῃ,

184 816 292 892 ἤδη
319 816 391 876 τὰ
420 817 672 876 ἐνθεῦτέν
696 842 792 892 μιν
821 819 874 873 οῖ
901 815 1094 893 ἐχθροὶ
1118 812 1517 891 ὑποδεξάμενοι
1550 815 1641 873 καὶ
1679 814 1792 875 ὖπό
1817 822 1824 829 ’

186 903 554 980 δικαστήριον
573 903 741 963 αὐτὸν
766 901 1085 984 ἀγαγόντες,
1105 903 1327 973 ἐδίωξαν
1351 902 1669 980 τυραννῶος
1692 907 1796 979 τῆς

186 997 248 1051 ἐν
272 991 643 1070 Χερσονήσῳ·
688 990 997 1072 οἷποφυγών
1024 991 1084 1050 δὲ
1111 991 1203 1049 καὶ
1220 1015 1450 1052 τουτους
1477 1016 1794 1070 στρατηγος

187 1107 333 1139 ουτω
360 1078 669 1154 Ἀθηναίων
697 1078 994 1158 ἀπεδέχθη,
1024 1077 1315 1156 αἱρεθεὶςε
1284 1104 1392 1137 υπο
1419 1081 1521 1137 τοῦ
1548 1076 1744 1154 δήμου.

272 1168 392 1226 Καὶ
420 1171 612 1243 πρῶτα
637 1169 756 1243 μὲν,
785 1167 965 1229 ε’όντες
992 1168 1073 1226 ἔτι
1097 1192 1157 1225 εν
1179 1170 1257 1244 τῷ
1282 1163 1461 1232 ἅστεῖ,
1491 1167 1544 1224 οἱ
1576 1189 1745 1241 στρα-
1772 1168 1884 1225 105

184 1256 352 1337 τηγοὶ
381 1254 785 1332 ἀποπέμπουσι
812 1259 867 1317 ἐς
894 1253 1158 1331 Σπάρτην
1184 1251 1392 1329 κήρυκα
1413 1251 1791 1328 Φειδιππῶην,

185 1340 491 1418 Ἀθηναῖον
528 1346 630 1419 μὲν
659 1341 829 1419 ἄνδρα
865 1341 1064 1413 ἄλλως.
1095 1342 1154 1401 δὲ
1193 1339 1577 1418 ἤμερσδρόμον
1612 1366 1674 1400 τε
1700 1341 1793 1400 καὶ

185 1435 360 1490 τοῦτο
390 1434 728 1507 μελετῶντα·
769 1435 846 1509 τῷ
872 1429 957 1506 δὴ,
993 1428 1065 1495 ὥς
1100 1428 1264 1493 αὖτός
1289 1456 1352 1490 τε
1387 1431 1545 1511 ἔλεγε
1571 1429 1791 1490 Φειδιπ-

187 1519 356 1594 πῶης
377 1518 468 1576 καὶ
492 1516 845 1593 Ἀθηναίοισι
870 1517 1217 1599 α’πήγγελλε,
1237 1519 1366 1595 περὶ
1391 1517 1456 1578 τό
1478 1518 1792 1594 Παρθένιον

188 1604 356 1682 οὖρος
392 1605 456 1665 τὸ
493 1605 631 1681 ὑπὲρ
659 1605 866 1687 Τεγέης
908 1604 939 1666 ὅ
967 1605 1097 1666 Πσῖν
1136 1606 1473 1682 περιπίπτει·
1515 1604 1791 1681 βώσαντα

189 1692 251 1751 δὲ
292 1692 358 1752 τὰ
403 1692 613 1770 οὕνομα
652 1696 753 1752 τοῦ
787 1693 1151 1752 Φειδιππίδεω
1187 1691 1287 1753 τᾶν
1324 1696 1507 1760 Πᾶνα,
1533 1690 1789 1765 Ἀθηναί-

190 1807 312 1840 οισι
369 1785 632 1840 κελεῦσαι
686 1779 1028 1862 ἀπαγγεῖλαι
1080 1780 1220 1841 διότι
1273 1782 1472 1837 ἑωυτοῦ
1532 1777 1794 1854 οὐδεμίαν

189 1872 516 1946 ἐπιμέλειαν
548 1874 832 1929 ποιεῦνται
868 1868 1055 1931 ε’όντος
1095 1867 1250 1926 εὔνου
1291 1864 1658 1941 Ἀθηναίοισι,
1701 1865 1793 1925 καὶ

188 1960 468 2035 πολλαχῆ
502 1957 800 2037 γενομένου
839 1956 946 2032 ἤδη
990 1955 1167 2031 σφίσι
1205 1952 1508 2033 χρησίμου,
1536 1950 1606 2012 ταὶ
1640 1951 1685 2011 δ’
1713 1953 1794 2012 ἔτι

191 2071 287 2104 και
329 2046 619 2121 ἐσομένου.
705 2046 797 2103 καὶ
826 2048 1004 2104 ταῦτα
1028 2045 1132 2121 μὲν
1157 2042 1444 2119 Ἀθηναῖοι
1486 2039 1790 2100 καταστάν-

187 2159 300 2193 των
342 2134 525 2208 ·σφίσι
571 2132 630 2192 εὖ
673 2132 781 2208 ἥδη
831 2136 945 2191 τῶν
994 2129 1335 2212 πρηγμάτων
1386 2127 1789 2191 πιστεύσαντες

190 2220 335 2280 εἶναι
383 2219 614 2296 ἀληθέα,
666 2218 961 2297 ἱδρύσαντο
1006 2217 1118 2279 ὖπὸ
1164 2223 1238 2298 τῇ
1285 2216 1562 2295 ἀκροπόλι
1598 2217 1789 2280 Πανός

190 2309 313 2386 ἶρὸν
358 2309 449 2366 καὶ
488 2307 657 2379 αὐτὸν
699 2307 811 2367 ἇπό
855 2306 1058 2383 ταύτης
1098 2311 1200 2383 τῆς
1240 2304 1507 2388 ἀγγελίης
1551 2306 1787 2383 θυσίῃσι

189 2397 477 2476 ε’πετείῃσι
511 2397 609 2455 καὶ
633 2395 889 2473 λαμπάδι
923 2394 1270 2456 ἱλάσκονται.
1338 2392 1479 2454 Τότε
1521 2393 1580 2451 δὲ
1615 2418 1752 2468 πεμ·
1772 2394 1887 2452 106

188 2484 358 2560 φθεὶς
383 2484 493 2543 ὑπὸ
520 2489 628 2545 τῶν
661 2487 990 2564 στρατηγῶν
1023 2482 1056 2543 ὅ
1090 2482 1449 2557 Φειδιππίδης
1486 2478 1664 2549 οὗτος,
1700 2478 1793 2540 ὅτε

185 2572 298 2648 πέρ
329 2574 383 2631 οἱ
410 2574 519 2647 ἔφη
549 2572 642 2631 καὶ
665 2572 765 2631 τὸν
792 2576 960 2631 Πᾶνα
987 2575 1250 2647 φανῆναι,
1271 2569 1579 2645 δευτεραῖος
1606 2573 1667 2627 ἐκ
1691 2572 1792 2627 τοῦ

185 2657 499 2734 Ἀθηναίων
540 2658 742 2723 ἄστεος
775 2658 845 2736 ἦν
881 2663 939 2719 ἐν
966 2658 1219 2737 Σπάρτῃ·
1260 2655 1593 2733 ἀπικόμενος
1618 2656 1677 2716 δὲ
1703 2656 1794 2714 ἐπὶ

186 2746 323 2809 τούς
364 2746 640 2826 ἄρχοντας
682 2748 858 2828 ἔλεγε·
902 2757 937 2783 “
955 2746 998 2804 ὧ
1029 2744 1473 2823 Λακεδαιμόνιοι,
1506 2741 1793 2819 Ἀθηναῖοι

185 2832 373 2911 ὖμέων
428 2834 651 2895 δέονταί
693 2840 871 2910 σφισι
912 2835 1211 2912 βοηθῆσαι
1256 2834 1349 2893 καὶ
1393 2832 1474 2910 μὴ
1527 2831 1789 2909 περιϊδεῖν

188 2921 365 2981 πόλιν
423 2921 798 3002 αρχαιοτάτην
857 2929 916 2983 ε’ν
976 2926 1131 2982 τοῖσι
1172 2921 1429 2997 Ἕλλησι
1481 2916 1793 2991 δουλοσύνῃ

188 3016 614 3087 περιπεσοῦσαν
639 3037 779 3088 προς
805 3011 1016 3088 οἷνδρῶν
1041 3009 1372 3088 βαρβάρων·
1416 3009 1507 3067 καὶ
1544 3029 1655 3083 γαρ
1698 3005 1794 3058 νῦν

190 3097 451 3175 Ἑρετρια
475 3125 537 3158 τε
563 3099 1016 3182 ἠνδραπόδισται,
1047 3099 1139 3157 καὶ
1178 3098 1317 3157 πόλι
1353 3094 1563 3171 λογίμῃ
1600 3088 1636 3159 ἦ
1663 3086 1794 3141 EN

193 3188 302 3246 λτίς
337 3188 534 3266 γέγονε
570 3184 999 3264 οἷσθενεστέρηῗ
1082 3186 1113 3245 ὁ
1146 3188 1249 3262 μὲν
1289 3181 1359 3257 δή
1400 3184 1512 3252 σφι
1545 3172 1617 3231 τοὶ
1651 3176 1793 3228 ε’ντε-

223 3291 247 3321 .Ι
263 3311 269 3318 .
288 3315 291 3320 2
306 3280 399 3323 ⁴-9
