2100 3409
322 30 424 80 208
941 29 1309 81 ἫΡοΔοτοί·
1603 28 1612 35 ·
1771 25 1908 93 [VIL

327 107 702 188 πειρεῶμενοι,
731 108 825 168 καὶ
851 109 991 169 κατὰ
1015 110 1186 168 τέλεα
1212 109 1306 168 καὶ
1330 106 1606 170 παντοίως
1631 106 1910 184 προσ-βάλ-

329 201 538 266 λοντες,
567 197 893 273 ἀπήλαυνον
919 195 1121 255 ὀπίσω.
1194 203 1253 256 ἐν
1282 196 1524 276 ταύτῃσι
1554 199 1693 272 τῇσι
1725 193 1907 271 προσό-

330 285 481 345 δοισι
524 289 626 361 τῆς
664 310 853 364 μαχης
898 285 1127 365 λέγεται
1172 285 1429 360 βασιλέα
1476 282 1778 360 θηεύμενον
1811 306 1908 357 τρις

331 373 713 450 ἀναδραμεῖν’
687 397 748 430 εκ
774 377 874 431 τοῦ
900 371 1119 482 θρόνου,
1142 372 1405 433 δείσαντα
1429 372 1559 448 περὶ
1584 375 1657 449 τῇ
1677 372 1905 446 στρατιῇ.

234 461 353 519 212
373 459 514 520 Τότε
564 462 670 535 μὲν
723 485 863 518 ουτω
877 458 1283 569 uvjymvz'oavro·
1337 463 1412 537 τῇ
1467 457 1514 517 δ’
1561 457 1821 535 υστεραίῃ
1866 458 1905 513 οἱ

331 547 624 623 βάρβαροι
670 544 902 606 οὖδὲν”’
866 572 1093 623 αμεινον
1132 547 1386 607 ἀέθλεον·
1441 544 1540 605 ἅτε
1578 572 1689 626 γαρ
1725 543 1905 623 ὀλίγων

335 633 549 703 ἐόντων,
573 634 905 696 ἐλπίσαντές
930 640 1116 709 σφεας
1143 633 1731 711 κατατετρωματίσθαι
1753 657 1810 691 τε
1832 630 1905 688 καὶ

335 719 435 779 οὐκ
467 721 616 784 οἴους
644 747 708 780 τε
742 722 1034 782 {creo-Hac*
1007 747 1088 780 ετι
1111 725 1303 800 χεῖρας
1333 721 1747 797 ἀνταείρασθαι,
1775 717 1904 777 συνέ-

334 809 582 884 βαλλον·
637 812 692 869 οἳ
739 809 799 868 δὲ
839 808 1120 884 Ἕλληνες
1166 834 1308 867 κατα
1352 808 1508 877 τάξις
1552 834 1615 867 τε
1663 808 1752 866 καὶ
1789 831 1906 865 κατα

337 896 495 955 ἔθνεα
531 898 939 973 κεκοσμημένοι
964 895 1130 971 ἦσαν,
1161 897 1252 955 καὶ
1284 901 1342 955 ἐν
1366 897 1522 972 μέρεϊ
1554 896 1779 954 ἔκαστοι
1800 891 1905 969 ε’μᾶ·

335 1008 522 1061 χοντο,
544 983 698 1058 πλὴν
716 985 964 1043 Φωκέων·
996 980 1151 1042 οὗτοι
1179 983 1291 1042 δὲ’
1266 1009 1322 1045 ες
1345 982 1411 1041 τό
1434 982 1597 1059 οὖρος
1618 982 1905 1061 ἐτάχθησαν

338 1070 685 1146 φυλάξοντες
717 1070 822 1146 τήν
852 1069 1121 1147 ἀτραπόν·
1167 1071 1238 1134 ὥς
1272 1070 1331 1129 δὲ
1367 1069 1533 1129 οὐδὲν
1554 1068 1805 1147 εὕρισκον
1826 1067 1905 1127 αλ·

337 1159 624 1255 λοιότερον
660 1160 716 1218 οἱ
754 1158 999 1268 Πέρσαι
1016 1156 1056 1234 ἦ
1094 1162 1165 1237 τῇ
1200 1158 1502 1242 προτεραίῃ
1539 1156 1763 1234 ἐνώρων,
1790 1151 1908 1231 6⁷¹7}-

339 1249 564 1306 λαυνον.

242 1334 361 1394 213
418 1333 786 1410 Ἀπορέοντος
804 1334 864 1392 δὲ
882 1333 1209 1410 βασιλέος
1178 1361 1209 1394 ο
1223 1359 1279 1394 τι
1298 1333 1573 1414 χρήσεται
1587 1338 1667 1415 τῷ
1679 1320 1911 1410 παρεόντι

340 1419 644 1499 πρήγματι,
688 1420 995 1497 Ἐπιάλτης
1038 1421 1073 1482 ὁ
1119 1421 1462 1499 Εὐρυδήμου·
1498 1420 1639 1498 ἀνὴρ
1687 1417 1912 1496 Μηλιεῦς

336 1504 483 1581 ἦλθέ
508 1510 561 1565 οἱ
587 1511 642 1570 ἐς
668 1506 885 1588 λόγους,
913 1507 985 1572 ὥς
1007 1510 1157 1590 μέγα
1182 1535 1239 1568 τι
1264 1509 1417 1586 παρὰ
1441 1510 1722 1585 βασιλέος
1740 1507 1913 1566 δοκέων

340 1594 620 1654 οἴσεσθαι·
655 1593 876 1673 ἔφρασέ
899 1622 961 1656 τε
986 1596 1093 1673 τήν
1117 1597 1369 1674 άτραπὸν
1387 1596 1492 1672 τήν
1510 1595 1600 1656 διὰ
1624 1600 1724 1656 τοῦ
1751 1594 1914 1671 οὔρεος

341 1682 629 1761 φέρουσαν
659 1688 715 1747 ἐς
748 1683 1136 1761 Θερμοπύλας,
1166 1686 1257 1744 καὶ
1292 1685 1574 1763 διέφθειρε
1603 1684 1734 1746 τούς
1765 1681 1914 1760 ταύτῃ

337 1768 737 1848 Ιὖ·ιτ·ομείναντας
781 1770 1092 1847 Ἑλλήνων·
1146 1771 1383 1849 ὕστερον
1428 1773 1488 1832 δὲ
1533 1772 1723 1836 δείσας
1761 1778 1913 1830 Auxe-

340 1858 651 1934 δαιμονίους
681 1861 853 1941 ἔφυγε
885 1864 941 1923 ἐς
966 1860 1315 1936 Θεσσαλίην·
1360 1862 1457 1920 καί
1482 1863 1537 1920 οἱ
1564 1859 1799 1942 φυγόντι
1825 1851 1915 1917 ὖπὸ

337 1951 448 2006 τῶν
474 1948 823 2028 Πυλαγόρων
849 1949 983 2029 (τῶν
1007 1947 1433 2024 Ἀμφικτυόνων
1465 1955 1521 2012 ἐς
1552 1947 1658 2024 τήν
1682 1945 1915 2020 Πυλαίην

340 2034 854 2114 συλλεγομένων)’
819 2060 1085 2116 αργυριον
1120 2033 1491 2115 ἐπεκηρύχθη·
1531 2035 1712 2115 χρόνω
1746 2031 1863 2093 δὲ
1833 2057 1915 2092 υσ-

338 2146 516 2197 τερον,
574 2122 820 2195 κατῆλθε
869 2148 981 2202 γαρ
1037 2128 1094 2186 ἐς
1144 2122 1487 2200 Ἀντικύρην,
1535 2122 1777 2182 ἀπέθανε
1821 2116 1914 2178 ὕπο

338 2205 655 2282 Ἀθηνάδεω
689 2206 886 2285 οἷνδρος
920 2211 1238 2290 Τρηχινίου·
1281 2237 1313 2270 ο
1351 2211 1411 2270 δὲ
1441 2209 1750 2285 Ἀθηνάδης
1783 2205 1916 2268 ουτος

339 2292 626 2352 ἀπέκτεινε
664 2295 768 2369 μὲν
801 2294 1111 2356 Ἐπιάλτεα
1147 2297 1215 2357 δι’
1247 2296 1433 2373 ἄλλην
1466 2297 1664 2372 αἰτίην,
1696 2294 1797 2371 τήν
1829 2291 1915 2375 ἐγῶ

341 2385 400 2440 ἐν
437 2383 591 2440 τοῖσι
630 2378 834 2442 ὄπισθε
874 2383 1104 2464 λόγοισι
1113 2385 1427 2460 θσημανέω·
1475 2382 1712 2460 ἐτιμήθη
1751 2383 1914 2458 μέντοι

337 2467 449 2527 ὖπό
494 2469 944 2546 Λακεδαιμονίων
990 2471 1148 2532 οὐδὲν
1193 2469 1401 2548 ἧσσον.
1473 2470 1790 2547 Ἐπιάλτης
1833 2469 1916 2546 μὲν

343 2554 483 2615 οὕτω
507 2555 743 2635 ὕστερον
767 2556 978 2618 τούτων
1004 2558 1265 2619 ἀπέθανε.

243 2644 363 2702 214
413 2641 586 2705 Ἔστι
624 2645 685 2704 δὲ
719 2646 903 2722 ἔτερος
938 2646 1243 2725 λεγόμενος
1278 2646 1468 2726 λόγος,
1507 2644 1579 2708 ὥς
1609 2644 1840 2722 Ὀνήτης
1866 2665 1916 2702 τε

341 2730 373 2789 ὁ
406 2730 737 2811 Φαναγόρεω
767 2730 908 2809 ἀνὴρ
937 2732 1257 2809 Καρύστιος
1293 2735 1385 2793 καὶ
1424 2732 1794 2811 Κορυδαλλὸς
1814 2731 1914 2790 Ἀν-

340 2818 588 2896 τικυρεύς
615 2819 726 2879 εἰσὶ
759 2822 813 2878 οἱ
840 2820 1089 2883 εἴπαντες
1112 2820 1255 2897 πρὸς
1277 2820 1534 2896 βασιλέα
1558 2820 1789 2884 τούτους
1810 2816 1915 2880 τούς

342 2905 563 2987 λόγους,
588 2906 680 2965 καὶ
705 2906 1181 2986 περιηγησάμενοι
1205 2908 1272 2968 τὸ
1296 2907 1458 2985 οὖρος
1475 2912 1631 2970 τοῖσι
1658 2909 1910 2986 Πέρσῃσι,

343 2994 596 3072 ουδαμως
636 2994 766 3071 ἐμοί
799 3017 867 3073 γε
905 2994 1127 3059 πιστός·
1168 2999 1336 3056 τοῦτο
1369 2999 1472 3074 μὲν
1507 3022 1620 3078 γαρ
1656 2997 1794 3077 τῷδε
1823 2994 1913 3075 χρὴ

343 3081 814 3160 σταθμώσασθαι,
868 3079 957 3142 ὅτι
1008 3084 1065 3142 οἶ
1115 3108 1227 3144 των
1269 3082 1561 3159 Ἑλλήνων
1612 3083 1913 3190 Πυλαγόροι

344 3169 684 3248 ἐπεκήρυξαν
710 3194 811 3230 ουκ
837 3169 930 3229 ἐπὶ
951 3166 1165 3251 Ὀνήτῃ
1188 3196 1252 3232 τε
1285 3172 1378 3235 καὶ
1405 3169 1813 3252 Κορυδαλλῷ’
1783 3165 1918 3254 αργῦ·
