2100 3409
159 51 172 68 v
235 44 301 91 50
840 42 1207 92 ‘HPOAowr
1742 41 1845 109 [V.

237 121 493 197 βασιλέα
535 119 783 196 πόλεμον
823 119 1206 192 ἐσκευάζοντο.
1286 119 1616 185 πλώσαντες
1668 120 1729 181 δὲ
1782 128 1850 188 ἐς

235 208 334 269 τόν
359 207 806 284 Ἑλλήσποντον,
827 207 1130 280 Βυζάντιόν
1154 235 1217 268 τε
1242 207 1454 271 καὶτοῖς
1469 208 1653 273 ἄλλας
1672 210 1850 275 πόλις

239 296 464 361 άπάσας
491 297 590 360 τὰς
615 296 789 375 ταύτῃ
819 296 910 356 ὕπ’
939 300 1192 357 ἑωυτοῖσι
1225 296 1581 372 ἐποιήσαντο·
1626 297 1848 357 ἐκπλώ-

239 386 439 449 σαντές
472 411 535 445 τε
567 384 666 454 ἔξω
705 384 805 444 τόν
834 384 1281 459 Ἑλλήσποντον,
1319 385 1533 461 Καρίης
1560 385 1666 461 τήν
1696 391 1847 446 πολ-

237 474 346 549 λήν
372 470 835 551 προσεκτήσαντο
863 473 1039 548 σφίσι
1075 471 1379 551 σύμμαχον
1405 472 1564 531 εἶναι·
1609 474 1701 532 καὶ
1727 473 1847 554 γὰρ

238 561 341 636 τὴν
384 564 608 620 Καῦνον
647 559 918 638 πρότερον
957 560 1022 619 οῦ
1061 561 1418 636 βουλομένην
1472 562 1843 640 συμμαχέειν,

240 648 309 711 ὦς
352 650 663 727 ἐνέπρησαν
702 646 801 712 τὰς
832 647 1034 725 Σάρδις
1066 647 1194 708 τότε
1225 655 1338 724 σφι
1374 648 1466 706 καὶ
1494 647 1634 723 αὕτη
1659 675 1846 725 προσ-

146 738 261 795 104
281 737 514 817 εγένετο.
599 735 842 814 Κύπριοι
883 736 941 794 δὲ
984 734 1274 814 ἐθέλονταί
1298 742 1409 811 σφι
1435 735 1635 798 πάντες
1661 763 1845 813 προσ-

241 824 510 903 εγένοντο,
547 824 700 900 πλὴν
738 823 1148 900 Ἀμαθουσίων.
1231 822 1561 898 ἀπέστησαν
1601 823 1712 903 γὰρ
1747 825 1847 883 καὶ

240 908 392 970 οὗτοι
422 909 522 971 ὧδε
549 912 661 972 ἀπὸ
687 912 912 987 Μήδων·
941 911 1011 988 ἦν
1035 911 1340 987 Ὀνήσιλος
1366 912 1583 991 Γόργου
1609 915 1714 987 μὲν
1738 917 1845 971 τοῦ

245 999 598 1075 Σαλαμινίων
636 1000 914 1076 βασιλέος
954 998 1229 1075 οἷδελφεός
1269 998 1543 1077 νεώτερος,
1591 1000 1845 1076 Χέρσιος

241 1086 300 1144 δὲ
339 1093 439 1150 τοῦ
483 1081 735 1166 Σιρώμου
773 1091 872 1147 τοῦ
912 1086 1261 1150 Ευέλθοντος
1299 1086 1449 1150 πάϊς·
1492 1113 1651 1151 ουτος
1692 1087 1844 1164 ωνήρ

239 1174 515 1239 πολλάκις
539 1179 642 1251 μὲν
668 1177 761 1234 καὶ
789 1174 1058 1252 πρότερον
1081 1200 1180 1234 τον
1207 1175 1286 1233 l'
1254 1201 1422 1255 οργον
1458 1176 1844 1256 παρηγορέετο
1891 1201 1898 1208 ·

241 1261 595 1323 ἀπίστασθαι
640 1263 750 1324 οἷπό
795 1263 1114 1339 βασιλέος·
1154 1261 1282 1323 τότε
1335 1262 1400 1332 δ’,
1444 1262 1514 1325 ὥς
1567 1264 1657 1321 καὶ
1708 1290 1844 1327 τους

229 1347 424 1412 Ἴωνας
461 1352 692 1410 ἐπύθετο
721 1349 1046 1419 ἀπεστάναι,
1074 1349 1264 1430 πάγχυ
1293 1351 1628 1426 ἐπικείμενος
1656 1355 1840 1432 ἐνῆγε·

242 1435 311 1499 ὥς
351 1436 411 1495 δὲ
448 1436 547 1500 οὐκ
585 1438 767 1497 ἔπειθε
801 1436 900 1497 τᾶν
931 1437 1166 1517 Γόργον,
1193 1436 1428 1498 ἐνθαῦτά
1457 1463 1555 1514 μιν
1580 1439 1844 1515 φυλάξας

243 1523 541 1593 ἐξελθόντα
575 1524 640 1585 τό
678 1524 823 1586 ἄστυ
847 1523 913 1584 τὰ
953 1525 1305 1602 Σαλαμινίων
1332 1524 1364 1584 ὅ
1389 1525 1693 1601 Ὀνήσιλος
1718 1527 1843 1603 ἅμα

242 1614 397 1671 τοῖσι
439 1615 638 1671 ἑωυτοῦ
680 1610 1049 1690 στασιώτῃσι,
1094 1612 1404 1687 άπεκλήῖσε
1442 1616 1552 1673 τῶν
1597 1615 1839 1674 πυλέων.

242 1696 455 1780 Γόργος
474 1701 578 1776 μὲν
606 1699 673 1775 δὴ
700 1700 987 1777 στερηθεὶς
1024 1704 1125 1775 τῆς
1159 1698 1357 1784 πόλιος
1393 1701 1591 1782 ἔφευγε
1624 1708 1678 1765 ἐς
1710 1703 1842 1778 Μή-

245 1786 386 1857 δους,
428 1787 732 1863 Ὀνήσιλος
772 1788 832 1847 δὲ
885 1786 1024 1866 ἦρχε
1069 1789 1404 1863 Σαλαμῖνος,
1452 1790 1544 1850 καὶ
1584 1787 1843 1851 ἀνέπειθε

239 1874 448 1939 πάντας
512 1876 797 1953 Κυπρίους
850 1874 1327 1935 συναπίστασθαι.
1433 1876 1560 1941 τοῦς
1610 1880 1714 1953 μὲν
1766 1880 1841 1956 δὴ

239 1962 450 2027 ἄλλους
491 1962 769 2023 οἷνέπεισε·
816 1962 1227 2039 Ἀμαθουσίους
1264 1963 1323 2022 δὲ
1359 1962 1424 2023 οὗ
1453 1966 1843 2041 βουλομένους

241 2054 293 2111 οἳ
319 2051 614 2111 πείθεσθαι
643 2049 963 2127 ἐπολιόρκεε
990 2049 1466 2126 προσκατήμενος.

146 2140 262 2198 105
343 2138 646 2214 Ὀνήσιλος
671 2137 775 2213 μέν
800 2162 895 2195 νυν
929 2136 1249 2214 ἐπολιόρκεε
1273 2137 1644 2224 Ἀμαθοῦντα.
1727 2143 1842 2217 βα-

241 2225 397 2286 σιλέὶ
456 2224 516 2283 δὲ
568 2224 784 2302 Δαρείω
841 2222 911 2285 ὦς
965 2224 1278 2305 ἐξαγγέλθη
1333 2226 1533 2303 Σάρδις
1585 2227 1843 2293 ἁλούσας

234 2311 637 2388 ’ἐμπεπρῆσθαι
676 2310 786 2370 υπό
825 2338 886 2372 τε
924 2310 1236 2387 Ἀθηναίων
1273 2314 1365 2371 καὶ
1400 2313 1611 2385 Ἰώνων,
1644 2315 1742 2376 τόν
1778 2317 1843 2375 δὲ

238 2399 485 2480 ἡγεμόνα
526 2399 789 2480 γενέσθαι
830 2403 929 2474 τῆς
973 2404 1264 2480 συλλογῆς
1306 2401 1451 2461 ὥστε
1491 2407 1665 2462 ταῦτα
1706 2429 1841 2462 συν-

240 2488 555 2564 υφανθῆναι
594 2485 694 2546 τᾶν
730 2485 1023 2561 Μιλήσιον
1054 2486 1481 2569 Ἀρισταγόρην,
1508 2494 1700 2567 πρῶτα
1735 2494 1845 2567 μὲν

240 2577 465 2657 λέγεται
506 2574 692 2645 αῦτὸν,
749 2575 819 2638 ὥς
867 2576 1099 2635 ἐπυθετο
1151 2579 1344 2646 ταῦτα,
1396 2575 1591 2637 Ἰώνων
1643 2577 1845 2639 οὐδένα

239 2664 415 2744 λόγον
448 2661 847 2741 ποιησάμενον,
887 2661 946 2721 εὖ
984 2662 1166 2724 εἰδότα
1204 2663 1275 2727 ὦς
1305 2662 1464 2724 οὗτοί
1483 2691 1552 2746 ,γε
1580 2665 1644 2725 οὗ
1674 2692 1845 2727 κατα-

243 2753 565 2828 προΐξονται
591 2750 955 2821 ἀποστάντες,
976 2752 1231 2828 εἴρεσθαι
1256 2753 1453 2817 οἵτινες
1473 2754 1579 2813 εἶεν
1600 2757 1654 2814 οἱ
1672 2754 1845 2832 Ἀθη·
1871 2785 1879 2791 ·

240 2844 419 2908 ναΐας
476 2840 617 2913 μεταῖ
664 2840 738 2910 δὲ,
785 2838 1114 2916 πυθόμενον,
1157 2844 1385 2916 αἰτῆσαι
1413 2841 1481 2902 τό
1517 2841 1701 2912 τόξον,
1738 2848 1846 2903 λα·

237 2926 419 3002 βόντα
460 2927 518 2986 δὲ
559 2928 652 2985 καὶ
693 2928 949 2987 ἐπιθέντα
989 2926 1187 2988 dim-dv
1227 2927 1337 2987 ἅνω
1379 2934 1433 2992 ἐς
1471 2928 1569 2990 τᾶν
1606 2931 1848 3007 οὐρανὸν

239 3013 474 3086 ἀπεῖναι,
505 3016 601 3074 καί
635 3042 731 3092 μιν
773 3020 827 3078 ἐς
866 3014 964 3075 τᾶν
1003 3015 1142 3093 ἠέρα
1176 3015 1477 3093 βάλλοντα
1510 3023 1700 3078 εἰπεῖν·
1745 3031 1780 3055 “
1802 3022 1849 3080 ὦ

241 3106 363 3174 Ζεῦ,
401 3103 724 3185 ἐκγενέσθαι
758 3129 857 3179 μοι
887 3102 1215 3179 Ἀθηναίους
1248 3104 1571 3165 τίσασθαι·”
1610 3107 1850 3167 εἴπαντα

241 3188 302 3249 δὲ
351 3196 530 3252 ταῦτα
580 3191 895 3269 προστάξαι
935 3192 1014 3251 ἑνὶ
1052 3196 1164 3253 τῶν
1205 3192 1574 3270 θεραπόντων,
1617 3193 1852 3256 δείπνου
