2100 3409
224 48 448 114 24-291
838 48 1250 100 mnrmxopn.
1475 43 1482 46 ·
1768 49 1827 99 11

228 130 479 191 καστέων
534 125 626 187 ὅτι
685 125 778 187 ἐπὶ
826 127 1088 206 χρήμασι
1138 128 1296 205 δίκην
1346 126 1538 188 ἄδικον
1589 127 1831 199 ἐδίκασε,

227 217 455 296 σφάξας
494 212 752 292 ἀπέδειρε
784 219 980 276 πᾶσαν
1009 215 1116 292 τήν
1148 214 1521 293 α’νθρωπηΐην·
1558 215 1834 285 σπαδίξας

227 307 286 366 δὲ
329 305 507 365 αὖτοῧ
546 301 616 363 τὰ
661 302 855 380 δέρμα,
901 303 1134 380 ἱμάντας
1186 304 1249 374 ἐξ
1295 303 1466 363 αὐτοῦ
1520 303 1686 380 ἔταμε
1738 305 1832 362 καὶ

1887 179 1916 390 l

228 394 454 454 ἐνέτεινε
492 389 595 452 τόν
635 389 835 467 θρόνον
870 395 926 454 ἐς
965 391 1068 452 τὸν
1100 390 1226 463 ἵζων
1261 391 1490 463 ἐδίκαζε·
1533 390 1835 454 ἐντανύσας
1915 441 1920 450 .

227 483 285 540 δὲ
324 480 357 541 ὁ
401 476 736 556 Καμβύσης
774 478 1007 549 ἀπέδεξε
1059 478 1331 554 δικαστὴν
1373 479 1512 539 εἶναι
1557 478 1681 539 άντὶ
1731 484 1833 539 τοῦ
1911 499 1920 562 j

228 567 541 646 Σισάμνεω,
581 565 686 627 τὸν
724 565 1057 631 ἀποκτείνας
1087 567 1359 644 άπέδειρε,
1390 567 1492 629 τόν
1522 567 1697 627 παῖδα
1730 571 1833 627 τοῦ

226 657 539 734 Σισάμνεω,
567 653 951 731 ἐντειλάμενός
974 658 1030 715 οἱ
1046 656 1387 763 μεμνῆσθαιι
1405 660 1464 717 ἐν
1497 659 1576 734 τῷ
1601 656 1910 727 κατίζων

226 744 403 824 θρόνῳ
430 742 660 815 δικάζει.
718 740 970 807 Οὗτος’
929 770 1004 805 ων
1029 743 1064 804 ὅ
1089 743 1327 821 Ὀτάνης
1352 771 1385 805 ο
1370 743 1832 826 ’ἐγκατιζόμενος
1847 745 1925 804 26

225 838 280 896 ἐς
335 836 541 893 τοῦτον
592 855 695 891 τον
759 830 976 908 θρόνον,
1028 831 1158 892 τότε
1219 831 1476 911 διάδοχος
1533 831 1826 912 γενόμενος

224 919 558 1001 Μεγαβάζῳ
581 923 685 995 τῆς
722 920 1084 1001 στρατηγίης,
1115 921 1450 991 Βυζαντίους
1483 946 1546 979 τε
1584 920 1701 980 εἷλε
1739 922 1831 979 καὶ

224 1008 676 1088 Καλχηδονίους·
720 1007 838 1067 εἷλε
864 1008 926 1067 δὲ
940 1007 1285 1085 Ἀντανδρον
1311 1008 1416 1084 τήν
1437 1013 1495 1068 ἐν
1519 1012 1591 1087 τῇ
1616 1007 1831 1084 Τρωάδι

222 1100 320 1177 γῇ·
362 1096 483 1155 εἷλε
517 1095 581 1155 δὲ
614 1095 974 1171 Λαμπώνιον·
1022 1095 1228 1171 λαβών
1269 1096 1329 1154 δὲ
1367 1096 1523 1174 παρὰ
1561 1096 1831 1172 Λεσβίων

223 1185 352 1247 νέας
377 1181 757 1259 εἷλε’Λῆμνόν
774 1208 838 1243 τε
859 1183 952 1242 καὶ
963 1182 1231 1260 Ἴμβρον,
1252 1182 1579 1260 α’μφοτέρας
1605 1183 1685 1243 ἔτι
1702 1183 1832 1243 τότε

220 1271 335 1332 ύπὸ
360 1274 692 1353 Πελασγῶν
722 1272 1061 1348 οἰκεομένας.
1144 1274 1219 1330 Οἱ
1243 1274 1348 1348 μὲν
1374 1271 1445 1348 δή
1467 1271 1712 1349 Λήμνιοι
1737 1272 1831 1330 καὶ
1847 1273 1925 1336 27

222 1361 584 1439 ἐμαχέσαντο
610 1357 672 1419 εὖ
700 1360 794 1418 καὶ
830 1357 1169 1436 ἀμυνόμενοι
1194 1358 1301 1419 οἷνοὶ
1325 1359 1532 1439 χρόνον
1558 1359 1831 1437 ἐκακώθη-

221 1473 354 1508 σαν·
394 1450 554 1508 τοῖσι
587 1447 649 1507 δὲ
679 1450 968 1525 περιεοῦσι
1007 1446 1191 1508 αὐτῶν
1224 1451 1278 1507 οἱ
1309 1448 1538 1526 Πέρσαι
1574 1447 1832 1527 ὕπαρχον

221 1538 498 1596 ἐπιστᾶσι
527 1534 874 1612 Λυκάρητον,
901 1534 1007 1595 τᾶν
1035 1535 1388 1613 Μαιανδρίου
1416 1540 1518 1597 τοῦ
1551 1535 1829 1612 βασιλεύ-

220 1648 430 1687 σαντος
452 1621 651 1700 Σάμου
671 1621 969 1698 ἀδελφεόν.
1027 1620 1217 1702 (οὗτος
1243 1623 1275 1684 ὅ
1300 1623 1627 1702 Λυκάρητος
1644 1621 1833 1702 α”ρχων

221 1715 281 1771 ἐν
318 1711 534 1790 Λήμνω
564 1709 845 1790 τελευτᾷ.)
929 1712 1081 1771 αἰτία
1121 1712 1183 1772 δὲ
1220 1710 1424 1773 τούτου
1461 1712 1579 1787 ἥδε·
1620 1710 1834 1773 πάντας

217 1798 656 1877 ἠνδραποδίζσο
681 1798 775 1857 καὶ
801 1800 1232 1875 κατεστρέφετο,
1251 1800 1382 1862 τούς
1401 1800 1506 1874 μὲν
1524 1802 1831 1875 λιποστρα-

217 1886 343 1964 τίης
382 1887 479 1948 ἐπὶ
520 1885 741 1951 Σκύθας
779 1886 1116 1963 αιτιῶμενος,
1157 1885 1289 1949 τούς
1330 1885 1391 1943 δὲ
1430 1885 1692 1945 σίνεσθαι
1732 1884 1833 1945 τόν

220 1975 471 2053 Δαρειου
518 1972 765 2050 στρατόν
810 1972 925 2033 ἀπο
973 1967 1230 2038 Σκυθέων
1270 1972 1455 2034 ὀπίσω
1501 1971 1833 2049 ἀποκομιζό-

217 2087 411 2139 μενον·
461 2058 626 2124 ουτος
658 2062 765 2138 μέν
793 2086 892 2122 νυν
919 2066 1181 2123 τοσαῦτα
1211 2061 1557 2143 ἐξεργάσατο
1592 2086 1834 2139 στρατη·

217 2149 429 2231 γήσας.

301 2237 473 2299 Μετὰ
507 2237 584 2308 δὲ,
614 2236 680 2297 ού
711 2236 938 2298 πολλὰν
963 2237 1170 2317 χρόνον
1195 2235 1386 2302 ἄνεσις
1416 2242 1598 2298 κακῶν
1623 2236 1710 2313 ἦν,
1740 2238 1831 2298 καὶ
1851 2240 1929 2299 28

215 2325 432 2406 ἤρχετο
456 2325 527 2386 τό
558 2324 901 2403 ’δεύτερον-ἐκ
935 2326 1133 2395 Νάξου
1158 2352 1221 2387 τε
1256 2327 1349 2384 καὶ
1380 2326 1645 2401 Μιλήτου
1670 2325 1834 2385 Ἴωσι

213 2415 487 2494 γίνεσθαι
522 2412 687 2473 κακά.
755 2418 925 2474 τοῦτο
957 2416 1062 2491 μὲν
1086 2413 1197 2495 γὰρ
1224 2413 1263 2489 ἦ
1291 2414 1485 2485 Νάξος
1516 2413 1834 2493 εὐδαιμονίῃ

213 2506 334 2562 τῶν
351 2500 543 2578 νήσων
559 2503 858 2581 προέφερε,
879 2504 1046 2563 τοῦτο
1073 2502 1134 2561 δὲ
1159 2501 1300 2562 κατὰ
1319 2501 1423 2563 τὸν
1441 2501 1612 2562 αὐτὸν
1630 2501 1836 2580 χρόνον

212 2588 256 2665 ἤ
294 2591 564 2667 Μίλητος
599 2589 742 2667 αύτή
771 2616 835 2651 τε
871 2593 1075 2666 ἑωυτῆς
1103 2589 1362 2667 μάλιστα
1392 2590 1462 2665 δη
1493 2589 1624 2650 τότε
1659 2587 1835 2667 οἷκμά·

214 2702 400 2751 σασα,
433 2677 530 2737 καὶ
569 2677 640 2755 δη
675 2677 767 2737 καὶ
804 2681 909 2754 τῆς
937 2676 1148 2754 Ἰωνίης
1186 2676 1257 2754 ἦν
1296 2676 1631 2757 πρόσχημα·
1673 2676 1835 2736 κατύ-

212 2766 396 2842 περθε
421 2765 483 2825 δὲ
501 2764 728 2834 τούτων,
751 2765 841 2825 ἐπὶ
867 2763 966 2824 δύο
991 2790 1188 2846 γενεας
1211 2764 1425 2842 ἄνδρων
1450 2764 1756 2840 νοσήσασα
1782 2768 1838 2827 ἐς

212 2853 292 2912 ταῖ
315 2853 582 2929 μάλιστα
607 2852 803 2922 στάσι,
830 2852 999 2931 μέχρι
1012 2851 1092 2912 οὗ
1118 2877 1216 2929 μιν
1235 2851 1448 2929 Πάριοι
1472 2851 1834 2927 κατήρτισαν·

210 2940 457 3004 τούτους
500 2967 614 3022 γαρ
663 2944 1115 3018 καταρτιστῆρας
1168 2943 1230 2998 ἐκ
1282 2939 1502 3000 πάντων
1546 2937 1837 3009 Ελλήνων

215 3027 448 3089 came-ro
475 3054 531 3088 οι
561 3029 865 3104 Μιλήσιοι.
934 3026 1324 3103 Κατήλλαξαν
1349 3027 1413 3086 δέ
1441 3031 1626 3099 σφεας
1653 3021 1755 3077 ὦδε
1783 3022 1837 3075 οἱ
1862 3021 1939 3075 29

215 3115 456 3195 Πῦριοι.
540 3142 614 3179 ως
658 3116 927 3176 ἀπίκοντο
967 3113 1151 3174 αὐτῶν
1192 3113 1385 3189 ανδρες
1424 3136 1477 3169 οι
1518 3108 1740 3181 ἄριστοι
1781 3108 1837 3163 ἐς

211 3226 329 3281 W
363 3204 650 3279 Μίλητον,
680 3202 851 3281 ὦρεον
879 3227 992 3283 γαρ
1023 3201 1095 3277 δή
1132 3205 1318 3275 σφεας
1352 3197 1540 3255 δεινῶς
1575 3187 1837 3260 οἰκοφθο-

1995 3307 2075 3355 Α
