2100 3409
311 51 374 99 10
920 48 1288 99 ἬΡοΔοΤοΤ
1814 48 1907 116 [V.

308 125 509 205 ὅμιλός
534 152 599 189 τε
628 127 851 192 πολλὰς
882 129 987 205 μὲν
1002 126 1227 203 Ἕλλην
1256 127 1551 205 περιοικέει
1580 128 1805 191 πολλὰς
1845 130 1905 189 δὲ

306 216 623 294 βάρβαρος,
665 216 718 275 οἳ
757 216 1085 293 προστάτεω
1128 215 1548 292 ἐπιλαβόμενοι,
1592 217 1907 294 ποιήσουσι

307 310 473 366 τοῦτο
508 306 574 366 τὸ
604 304 671 364 ἂν
699 309 875 367 κεῖνος
903 304 1194 384 ἐξηγέηται
1221 305 1312 364 καὶ
1335 305 1546 381 ἡμέρης
1574 306 1666 364 καὶ
1692 308 1908 371 νυκτός·

305 394 383 453 σύ
408 420 503 454 νυν
528 397 727 454 τοῦτον
751 391 852 452 τόν
871 391 1044 468 ἄνδρα
1062 396 1285 452 παῦσον
1307 396 1483 452 ταῦτα
1508 397 1788 464 ποιεῦντα,
1821 397 1911 456 ἴνα

303 481 384 559 μή
420 483 606 561 οἰκηίῳ
642 482 873 560 πολέμῳ
914 480 1204 559 συνέχηαι·
1248 479 1440 560 τρόπῳ
1470 481 1529 540 δὲ
1562 479 1710 560 ἠπίῳ
1740 508 1909 559 μετα-

304 569 665 647 πεμψάμενος
726 572 966 629 παῦσον·
1025 567 1194 629 ἔπεοῖν
1240 569 1301 628 δὲ
1342 568 1510 629 αὐτ-ὂν
1570 570 1910 650 περιλάβῃς,

304 659 511 718 ποιέειν
552 657 691 721 ὅκως
729 656 929 734 μηκέτι
970 660 1147 720 κεῖνος
1183 661 1238 720 ε’ς
1267 655 1558 732 Ἕλληνας
1598 655 1910 727 dulit-rat?

207 748 286 805 24
304 749 493 806 Ταῦτα
518 745 757 827 λέγωνε
724 772 756 805 ο
786 744 1132 824 Μεγάβαζος
1152 743 1417 807 εὐπετέως
1444 744 1627 805 ἔπειθε
1646 749 1911 822 Δαρεῖον,

305 833 376 896 ὥς
421 832 480 904 εὖ
533 835 816 911 προορέων
866 831 932 892 τὸ
984 833 1203 908 μέλλον
1255 833 1527 915 γίνεσθαι.
1627 833 1772 910 μετὰ
1827 835 1907 906 δὲ,

304 903 549 1002 ἄγγελον
584 922 811 999 πέμψας
843 920 876 979 ὁ
911 923 1149 997 Δαρεῖος
1183 924 1239 983 ἐς
1276 919 1381 995 τὴν
1420 918 1707 998 Μυρκινον
1748 923 1914 1002 ἔλεγε

301 1010 451 1070 τάδε·
500 1021 534 1045 “
550 1009 796 1082 Ἱστιαῖε,
836 1007 1115 1085 βασιλεῦς
1153 1011 1390 1084 Δαρεῖος
1414 1007 1545 1067 τάδε
1571 1009 1745 1089 λέγει·
1799 1011 1913 1090 ε’γω

305 1099 610 1174 φροντίζων
627 1096 864 1174 εὑρίσκω
884 1097 1014 1172 ε’μοί
1028 1122 1091 1156 τε
1112 1097 1205 1155 καὶ
1222 1101 1376 1156 τοῖσι
1396 1099 1587 1172 ἐμοῖσι
1604 1095 1912 1177 πρήγμασι

301 1185 496 1246 οὐδένα
537 1186 675 1245 εἶναι
714 1188 818 1245 σεῦ
859 1183 1030 1261 ἄνδρα
1072 1183 1445 1260 εὐνοέστερον·
1505 1188 1672 1243 τοῦτο
1727 1185 1788 1243 δὲ
1842 1186 1912 1244 οὗ

299 1272 546 1354 λόγοισι,
575 1271 706 1332 ἀλλ’
735 1274 950 1352 ἔργοισι
988 1271 1114 1330 οἶδα
1138 1271 1349 1348 μαθων.
1433 1274 1529 1332 νῦν
1557 1270 1648 1341 ὧν,
1676 1273 1912 1332 ἐπινοέω

298 1360 408 1441 γὰρ
434 1360 738 1440 πρήγματα
763 1359 989 1440 μεγάλα
1027 1358 1503 1440 κατεργάσασθαι,
1541 1358 1771 1418 ἀπικνέο
1807 1387 1914 1436 μοι
1957 1410 1964 1416 .

299 1473 536 1517 παντως,
578 1446 667 1506 ἵνα
705 1473 795 1506 τοι
830 1473 972 1506 αυτα
1013 1445 1417 1523 υπερθέωμαιΡ
1463 1445 1720 1507 τούτοισι
1750 1452 1912 1508 τοῖσι
2079 1491 2085 1532 ¹

299 1535 461 1594 ἔπεσι
498 1533 808 1597 πιστεύσας
847 1533 880 1594 ὁ
919 1533 1203 1604 Ιστιαιος,
1242 1535 1335 1593 καὶ
1375 1532 1495 1610 ἅμα
1531 1535 1680 1615 μέγα
1721 1535 1909 1594 ποιεύ-

299 1648 464 1699 μενος
488 1624 767 1699 βασιλέος
792 1621 1129 1700 σύμβουλος
1154 1622 1436 1702 γενέσθαι,
1465 1620 1697 1681 οἷπίκετο
1724 1627 1782 1685 ε’ς
1806 1622 1912 1687 τοὶς

299 1711 519 1789 Σάρδις·
562 1709 877 1789 ἀπικομένῳ
915 1710 977 1768 δέ
1011 1712 1067 1769 οἱ
1094 1711 1253 1790 ἔλεγε
1282 1713 1519 1787 Δαρεῖος
1542 1709 1694 1768 τάδε·
1738 1709 1911 1769 “Ἱσ-

294 1803 455 1869 τιαῖε,
490 1798 598 1881 ε’γῶ
630 1825 702 1857 σε
731 1796 1175 1876 μετεπεμψάμην
1214 1798 1384 1857 ὥνδε
1418 1798 1637 1857 εἵνεκεν·
1687 1798 1814 1857 ε’πεί
1842 1824 1911 1857 τε

300 1886 545 1966 τάχιστα
581 1886 866 1962 ἐνόστησα
904 1884 1017 1945 α’,πο
1054 1885 1310 1948 Σκυθέων
1342 1885 1434 1943 καὶ
1467 1883 1545 1943 σύ
1583 1909 1683 1960 μοι
1718 1885 1909 1964 ἐγένεο

301 1976 365 2045 ἐξ
388 1976 721 2051 οφθαλμῶν,
750 1974 907 2033 οὐδέν
935 2000 1011 2032 κω
1038 1971 1189 2032 ἄλλο
1215 1976 1411 2051 χρῆμα
1438 1970 1579 2032 οὕτω
1607 1976 1666 2031 ἐν
1690 1973 1912 2051 βραχέῖ

297 2062 613 2136 ἐπεζήτησα
642 2087 710 2121 ως
737 2063 807 2118 σὲ
837 2060 995 2119 ἰδέειν
1019 2085 1083 2118 τε
1110 2060 1203 2118 καὶ
1230 2065 1285 2122 ἐς
1310 2058 1517 2140 λόγους
1543 2084 1642 2135 μοι
1668 2057 1909 2120 ἅπικεσ-

297 2150 410 2209 θαι·
454 2146 697 2228 ε’γνωκως
721 2146 809 2206 ὅτι
837 2146 1133 2225 κτημάτων
1164 2145 1386 2207 πάντων
1413 2147 1539 2205 ἐστὶ
1570 2146 1909 2223 τιμιώτατον

294 2235 437 2313 ἀνὴρ
479 2236 651 2310 φίλος
690 2234 921 2299 συνετός
955 2261 1018 2296 τε
1057 2236 1150 2294 καὶ
1183 2233 1387 2298 εὔνοος·
1433 2234 1505 2294 τά
1535 2261 1624 2294 τοι
1660 2235 1769 2315 ε’γω
1811 2238 1908 2296 καὶ

293 2322 587 2436 ἀμφότερα
623 2322 946 2386 συνειδως”
917 2349 1027 2402 εχω
1062 2323 1388 2399 μαρτυρέειν
1416 2326 1470 2386 ἐς
1496 2321 1803 2403 πρήγματα
1826 2349 1904 2384 τα

295 2410 422 2487 ε’μά.
503 2414 602 2471 νῦν
628 2410 717 2480 ὧν,
747 2436 805 2469 ευ
833 2410 942 2491 γὰρ
972 2411 1245 2486 ἐποίησας
1253 2409 1623 2522 ἐπικείμενος,
1649 2409 1785 2469 τάδε
1811 2436 1909 2471 τοι

295 2498 403 2579 ε’γω
418 2498 796 2576 προτείνομαι·
830 2498 1093 2573 Μίλητον
1117 2501 1222 2575 μὲν
1249 2498 1311 2556 ἔα
1337 2498 1430 2557 καὶ
1454 2498 1558 2573 τήν
1578 2497 1907 2559 νεόκτιστον

294 2592 353 2646 ἐν
378 2587 591 2666 Θρηίκῃ
616 2586 806 2646 πόλιν·
848 2585 923 2646 σύ
952 2585 999 2646 δ’·
1026 2586 1152 2663 ἐμοὶ
1188 2585 1455 2662 ἑπόμενος
1480 2590 1537 2648 ἐς
1563 2588 1777 2654 Σοῦσα,
1807 2587 1905 2665 ἔχε

296 2673 472 2750 τάπερ
514 2672 583 2733 ἂν
615 2672 724 2754 ε’γῶ
759 2676 885 2753 ἔχω,
913 2672 1046 2751 ε’μός
1082 2699 1143 2734 τε
1176 2673 1454 2737 σύσσιτος
1492 2673 1595 2734 ἐῶν
1627 2673 1721 2731 καὶ
1756 2673 1904 2749 σύμ.-

197 2762 273 2818 25
296 2759 563 2836 βουλος.”
644 2765 835 2821 Ταῦτα
882 2764 1121 2837 Δαρεῖος
1162 2761 1334 2831 εἶπας,
1390 2761 1484 2820 καὶ
1537 2760 1904 2836 καταστήσας

289 2846 673 2924 Ἀρταφέρνεα
709 2847 991 2924 ἀδελφεὰν
1028 2850 1233 2908 ἑωυτοῦ
1269 2846 1616 2924 ὁμοπάτριον
1644 2846 1904 2926 ὕπαρχον

292 2934 432 2995 εἶναι
474 2935 739 3011 Σαρδίων,
782 2934 1073 3010 ἀπήλαυνε
1114 2940 1169 2998 ε’ς
1211 2936 1424 3004 Σοῦσα,
1465 2934 1584 3012 ἅμα
1624 2933 1903 3013 ἀγόμενος

288 3021 560 3083 Ἱστιαῖον
584 3021 822 3083 Ὀτάνεα
860 3023 919 3081 δὲ
954 3022 1228 3094 ἀποδέξας
1266 3022 1587 3103 στρατηγὸν
1625 3022 1763 3081 εἶναι
1789 3027 1903 3083 τῶν
1927 3073 1939 3082 .

291 3112 777 3189 παραθαλασσίων
814 3110 1044 3188 ἀνδρῶν·
1087 3115 1202 3170 τοῦ
1222 3109 1321 3170 τόν
1352 3111 1568 3186 πατέρα
1603 3109 1902 3188 Σισάμνην

285 3197 574 3271 βασιλεῦς
607 3195 934 3273 Καμβύσης
967 3197 1269 3275 γενόμενον
1297 3201 1407 3258 τῶν
1439 3196 1785 3274 βασιληίων,
1822 3196 1901 3256 δι·
