2100 3409
142 46 409 113 w—zo]
812 25 1183 95 HQATMN‘IA.
1696 52 1790 100 143

144 136 269 206 τῆς
329 113 641 202 θαλίὶσσης
684 126 809 185 ἐστὶ
856 126 1031 203 λιμὴν
1075 130 1347 190 τοσοῦτος
1392 126 1678 205 οὗδαμόθι,
1721 131 1793 194 ὥς

152 217 281 298 ἐγὼ
340 213 556 285 εἰκάζω,
594 212 756 277 ὅστις
795 216 1147 295 ἐγειρομένου
1186 219 1456 294 χειμῶνος
1501 216 1792 294 δεξάμενός

151 330 272 364 σευ
326 308 501 363 τοῦτο
541 300 608 362 τό
650 302 921 373 ναυτικὸν,
957 304 1265 385 φερέγγυος
1306 305 1466 363 ἔσται
1509 304 1788 366 διασῶσαι

151 394 268 456 τὰς
322 391 473 454 νέας·
518 390 615 449 καί
649 413 739 450 τοι
776 389 897 449 οὐκὶ
934 391 1030 450 ἕνα
1063 390 1234 451 αὐτὸν
1267 391 1352 450 δεῖ
1390 391 1531 451 εἶναι
1568 392 1669 453 τὸν
1703 397 1787 452 λι-

154 482 335 556 μένα,
385 476 546 538 ἀλλὰ
584 478 736 556 παρᾶ
778 482 976 538 πᾶσαν
1010 479 1114 555 τήν
1149 478 1393 557 ἤπειρον,
1431 479 1562 558 παρ’
1601 480 1691 556 ἢν.
1714 481 1784 558 δὴ

157 569 423 644 κομίεαι·
468 593 566 626 ουκ
610 564 684 625 ὦν
721 566 788 641 δὴ
826 566 1023 626 ἐόντων
1064 592 1152 626 τοι
1192 568 1432 644 λιμένων
1470 567 1787 640 ὖποδεξίων,

154 654 398 732 μάθε”’
364 681 455 715 οτι
497 657 554 713 αἱ
585 655 882 732 συμφοραὶ
917 658 1027 714 τῶν
1070 654 1447 731 οἷνθρῶπων”’
1410 681 1651 735 αρχουσι
1692 658 1786 717 καὶ

159 743 298 802 οὗκὶ
346 742 635 819 ὥνθρωποι
660 746 771 802 τῶν
793 743 1155 853 συμφορέων·
1197 743 1292 802 καὶ
1316 732 1386 813 δὴ
1412 748 1521 803 τῶν
1561 744 1659 805 δύο
1698 771 1786 805 τοι

158 835 274 890 τοῦ
324 830 516 907 ἐτέρου
561 830 861 907 εἰρημένου,
892 830 956 889 τὸ
999 829 1186 907 ἔτερον
1228 832 1514 911 ἔρχομαι’
1486 831 1668 910 ερέων·
1709 838 1787 914 γῆ

163 919 239 995 δῇ
271 918 525 995 πολεμίη
551 918 687 996 τῇδέ
708 943 799 976 τοι
825 918 1172 978 κατίσταται·
1218 922 1265 977 εἶ
1292 919 1478 979 ἐθέλοι
1503 946 1592 979 τοι
1611 921 1786 997 μηδὲν

161 1006 436 1076 ἀντίξοον
478 1009 838 1080 καταστῆναι,
866 1005 1120 1085 τοσούτῳ
1146 1032 1235 1066 τοι
1259 1006 1470 1088 γίνεται
1509 1013 1784 1086 πολεμιω-

163 1096 310 1170 τέρη
348 1093 469 1173 ὅσῳ
512 1091 579 1153 ἂν
622 1095 933 1172 προβαίνῃς
981 1095 1274 1170 ἑκαστέρω,
1319 1095 1387 1154 τὰ
1431 1095 1627 1171 πρόσω
1675 1098 1785 1155 αἰεὶ

168 1182 571 1258 κλεπτόμενος.
635 1181 930 1259 εὐπρηξίης
974 1182 1087 1262 γὰρ
1141 1180 1240 1240 οὐκ
1285 1182 1411 1241 ἔστι
1451 1181 1800 1260 ἀνθρώποισι

168 1269 409 1346 οὐδεμία
451 1269 741 1347 πληθώρη.
826 1270 918 1328 καὶ
945 1269 1014 1345 δή
1041 1295 1145 1340 τοι,
1173 1268 1247 1332 ὥς
1273 1268 1495 1334 οὖδενός
1521 1275 1783 1331 ἐναντιευ·
1812 1317 1820 1324 .

167 1358 361 1434 μένου,
412 1358 566 1439 λέγω
612 1357 715 1433 τὴν
762 1357 948 1437 χώρην
993 1362 1212 1417 πλεῦνα
1260 1362 1317 1418 ἐν
1359 1362 1557 1419 πλεῦνι
1601 1359 1783 1440 χρόνῳ

167 1446 474 1525 γινομένην
521 1444 693 1521 λιμόν
738 1445 1017 1515 τέξεσθαι.
1101 1445 1240 1523 ἀνὴρ
1288 1447 1349 1506 δὲ
1394 1446 1534 1507 οὕτω
1579 1446 1649 1507 ἂν
1697 1449 1782 1527 εἴη

167 1531 421 1610 ἄριστος,
461 1538 511 1592 εἰ
544 1532 955 1609 βουλευόμενος
990 1536 1094 1610 μὲν
1136 1532 1413 1610 ἀρρωδέοι,
1447 1539 1562 1595 πᾶν
1600 1540 1781 1596 ἐπιλε-

166 1620 413 1701 γόμενος
454 1622 755 1681 πείσεσθαι
796 1625 1005 1699 χρῆμα,
1050 1626 1109 1681 ἐν
1158 1622 1216 1680 δὲ
1254 1626 1333 1702 τῷ
1380 1625 1518 1703 ἔργῳ
1563 1623 1775 1698 epac-133

168 1707 310 1784 εἶη.”
390 1708 725 1786 Ἀμείβεται
767 1709 977 1785 Ξέρξης
1017 1709 1230 1768 τοῖσδε·
1280 1720 1316 1745 “
1330 1709 1664 1787 Ἀρτάβανε,
1705 1715 1779 1770 οῖ·
1796 1714 1876 1771 50

168 1795 346 1859 κότως
371 1799 477 1873 μὲν
504 1797 578 1856 σύ
602 1822 669 1878 γε
695 1796 901 1856 τούτων
926 1798 1142 1862 ἕκαστα
1175 1798 1424 1872 διαιρέαι·
1469 1797 1607 1872 α’,τᾶρ
1638 1797 1781 1873 μήτε

166 1882 356 1943 πάντα
387 1885 590 1959 φοβέο,
623 1883 764 1960 μήτε
799 1888 915 1943 πᾶν
952 1883 1156 1961 ὁμοίως
1182 1886 1457 1965 ἐπιλέγεο·
1504 1888 1550 1943 εἰ
1573 1884 1684 1964 γοῖρ
1710 1885 1779 1962 δή

164 1971 418 2047 βούλοιο
456 1973 546 2030 ἐπὶ
570 1977 650 2050 τῷ
676 1972 779 2031 αἰεὶ
808 1972 1238 2051 ἐπεσφερομένῳ
1263 1971 1552 2052 πρήγματι
1575 1970 1641 2030 τὰ
1666 1976 1781 2034 πᾶν

168 2059 376 2133 ὁμοίως
421 2061 799 2142 ἐπιλέγεσθαι,
858 2059 1153 2135 ποιήσειας
1206 2058 1273 2119 ἂν
1327 2058 1544 2137 οὗδαμσῖ
1600 2058 1775 2119 οὐδέν·

167 2148 422 2223 κρέσσον
478 2148 537 2208 δὲ
588 2147 774 2208 πάντα
826 2148 1139 2223 θαρσέοντα
1189 2145 1370 2223 ἥμισυ
1423 2150 1533 2208 τῶν
1591 2146 1780 2208 δεινῶν

90 2303 95 2304 ⁷
166 2234 419 2315 πάσχειν
451 2240 695 2313 μᾶλλον,
725 2234 761 2311 ἢ
788 2239 902 2295 πᾶν
927 2239 1123 2313 χρῆμα
1161 2236 1624 2313 προδειμαίνοντα
1664 2262 1771 2314 μη·

169 2322 321 2399 δαμα
361 2323 535 2398 μηδὲν
570 2324 788 2383 παθεῖν·
834 2326 880 2382 εἰ
906 2322 965 2380 δὲ
993 2323 1183 2400 ἐρίζων
1212 2323 1353 2402 πρός
1378 2328 1494 2384 πᾶν
1517 2350 1582 2385 το
1612 2323 1775 2405 λεγό-

167 2435 358 2485 μενον,
386 2436 467 2487 μη
500 2436 567 2470 το
593 2412 840 2487 βέβαιον
882 2409 1184 2480 ἀποδέξεις,
1212 2411 1588 2486 σφάλλεσθαι
1624 2410 1776 2487 ὀφεί-

168 2500 289 2560 λεις
337 2502 399 2557 ἐν
444 2496 665 2558 αὐτοῖσι
713 2498 915 2575 ὁμοίως
960 2498 1052 2557 καὶ
1099 2497 1132 2557 ὁ
1180 2496 1475 2557 ὑπεναντία
1520 2498 1773 2558 τούτοισι

168 2584 359 2654 λέξας.
439 2590 605 2646 τοῦτο
643 2586 746 2664 μέν
788 2612 883 2646 νυν
925 2586 1125 2659 ἐπίσης
1167 2585 1299 2662 ἔχει·
1345 2586 1542 2645 εἰδέναι
1582 2585 1718 2644 δὲ’
1682 2612 1774 2646 αν-

171 2672 398 2749 θρωπον
432 2672 593 2733 ἐόντα
635 2678 740 2736 κῶς
777 2673 889 2750 χρὴ
928 2672 995 2733 vd
1031 2674 1280 2749 βέβαιον
1297 2698 1314 2741 ;
1361 2672 1530 2732 δοκέω
1554 2675 1658 2750 μὲν
1685 2673 1775 2732 οὗ·

170 2759 375 2837 δαμῶς.
457 2765 611 2821 τοῖσι
652 2762 837 2821 τοίνυν
877 2762 1287 2838 βουλομένοισι
1328 2761 1550 2830 ποιέειν,
1594 2759 1667 2823 ὥς
1707 2759 1774 2820 τε)

169 2847 377 2908 ἐπίπαν
402 2850 588 2923 φιλέει
615 2850 872 2929 γίνεσθαι
897 2848 967 2910 τοὶ
995 2849 1208 2926 κέρδεα·
1250 2852 1404 2909 τοῖσι
1430 2849 1489 2908 δὲ
1515 2853 1769 2929 ἐπιλεγο-

168 2935 397 3011 μένοισί
415 2961 477 2995 τε
503 2934 687 2996 πάντα
714 2937 804 2994 καὶ
830 2936 1070 3011 ὄκνεῦσι,
1103 2935 1167 2995 οὗ
1194 2935 1354 3012 μάλα
1380 2935 1580 2996 ἐθέλει.
1640 2934 1775 3012 ὁρᾷς

169 3049 237 3082 τα
263 3023 535 3100 Περσέων
575 3024 877 3104 πρήγματα
919 3029 973 3087 ἐς
1001 3052 1031 3083 0
1007 3023 1320 3100 δυνάμιος
1355 3019 1769 3100 προκεχώρηκε·

170 3116 215 3171 εἰ
259 3115 449 3172 τοίνυν
492 3117 687 3170 ἐκεῖνοι
735 3115 788 3171 οῖ
829 3111 939 3188 πρὸ
985 3115 1114 3188 ἐμεῦ
1160 3112 1450 3191 γενόμενοι
1496 3106 1769 3183 βασιλέες

170 3198 430 3282 γνώμῃσι
466 3201 723 3277 ἐχρέοντο
759 3198 992 3278 ὄμοίῂσι
1031 3198 1123 3257 καὶ
1160 3223 1253 3267 συ,
1280 3195 1317 3273 ἢ
1357 3220 1437 3273 μη
1478 3190 1773 3269 χρεόμενοι

21 3324 401 3374 ι
