2100 3409
260 31 325 84 74
358 15 366 23 '
874 24 1242 78 ἪΡοΔοτοτ
1736 24 1876 90 [v1.

263 109 357 168 ἐπὶ
402 107 579 168 πλέον
625 106 868 218 ἐγένετο
887 106 1098 167 τούτων
1144 109 1200 168 ἐς
1246 105 1426 167 νεῖκος
1472 102 1649 182 φέρον
1684 101 1880 175 Ἴωσι,

265 194 420 255 οἶλλοῖ
447 194 578 256 τάδε
618 197 722 272 μὲν
755 193 1014 273 χρήσιμα
1056 190 1232 268 κάρτα
1272 194 1426 251 τοῖσι
1447 190 1612 250 Ἴωσι
1650 191 1881 272 ἐγένετο

265 283 465 344 τούτου
491 287 594 343 τοῦ
621 284 786 345 ἔτεος.
854 279 1238 359 Ἀρταφέρνης
1265 278 1297 338 ὁ
1325 278 1573 355 Σαρδίων
1599 276 1881 357 ὕπαρχος,

264 369 771 448 μεταπεμψάμενος
804 366 1080 448 ἀγγέλους
1106 372 1166 427 ἐκ
1192 371 1302 426 τῶν
1332 366 1547 425 πολίων
1588 365 1885 440 συνθήκας

268 461 446 535 σφίσι
489 457 711 517 αὐτοῖσι
747 455 876 519 τοῦς
901 453 1100 518 Ἴωνας
1131 452 1418 535 ἠνάγκασε
1444 452 1759 525 ποιέεσθαι,
1789 453 1884 512 ἵνα

268 546 540 605 δοσίδικοι
568 544 675 604 εἶεν
703 543 794 602 καὶ
818 542 900 621 μή
919 541 1208 618 ἀλλήλους
1228 540 1454 619 φέροιέν
1466 566 1530 600 τε
1550 539 1643 599 καὶ
1662 539 1881 621 ἄγοιεν.

267 632 445 693 ταῦτά
492 658 554 691 τε
599 630 885 711 ἠνάγκασε
930 630 1138 688 ποιέειν
1182 629 1274 690 καὶ
1310 627 1410 692 τὰς
1450 625 1637 706 χώρας
1679 628 1883 703 σφέων

269 719 557 798 μετρήσας
617 718 757 778 κατὰ
814 715 1431 800 παρασάγγας-ποῦς
1486 715 1760 775 καλέουσι
1824 718 1884 775 οἳ

273 808 498 883 Πέρσαι
550 807 620 867 τᾶ.
671 806 969 883 τριήκοντα
1022 803 1466 874 στάδια,-·κατὰ
1519 802 1587 879 δὴ
1647 802 1885 867 τούτους

272 895 558 972 μετρήσας
601 894 812 973 φόρους
854 893 1011 963 ἔταξε
1062 891 1369 961 ἑκάστοισι,
1408 890 1463 950 οἳ
1495 890 1648 968 ’κατὰ
1688 890 1885 970 χώρην

274 981 622 1042 διατελέουσι
666 985 884 1061 ἔχοντες
906 985 988 1039 ·ε’κ
1029 978 1230 1040 τούτου
1272 983 1373 1039 τοῦ
1408 977 1613 1058 χρόνου
1649 978 1760 1037 αἰεὶ
1799 980 1885 1038 ἔτι

275 1069 368 1128 καὶ
395 1076 449 1132 ἐς
476 1074 589 1147 ἐμὲ,
620 1069 691 1133 ὦς
719 1069 1040 1149 ἐτάχθησαν
1079 1067 1142 1136 ἐξ
1172 1066 1599 1145 Ἀρταφέρνεος·
1642 1064 1884 1143 ἐτάχθη-

275 1184 386 1217 σαν
413 1159 471 1217 δὲ
498 1156 706 1236 σχεδόν
733 1156 875 1217 κατοὶ
903 1154 975 1216 τοὶ
1003 1154 1144 1215 αὐτὰ
1179 1154 1251 1214 τοὶ
1288 1154 1379 1213 καὶ
1404 1152 1677 1231 πρότερον
1704 1152 1882 1232 εἶχον.

179 1246 259 1305 43
278 1246 397 1304 Καί
420 1253 532 1317 σφι
557 1251 732 1304 ταῦτα
771 1247 875 1322 μὲν
918 1245 1165 1325 εἰρηναῖα
1204 1240 1293 1319 ἦν.
1376 1240 1494 1318 ἅμα
1531 1241 1591 1300 δὲ
1625 1245 1704 1320 τῷ
1741 1242 1883 1317 ἔαρι,

274 1337 385 1391 τῶν
412 1333 601 1392 ἄλλων
635 1331 1096 1408 καταλελυμένων
1137 1334 1468 1411 στρατηγῶν
1496 1334 1556 1388 ἐκ
1580 1329 1883 1405 βασιλέος,

279 1415 595 1495 Μαρδόνιος
650 1419 681 1478 ὁ
730 1417 1006 1496 Γωβρύεω
1061 1418 1358 1493 κατέβαινε
1410 1416 1503 1476 ε’πὶ
1556 1416 1884 1488 θάλασσαν,

278 1505 523 1583 στρατόν
576 1504 798 1566 πολλόν
843 1508 945 1583 μὲν
999 1505 1175 1582 κάρτα
1225 1505 1393 1576 πεζὸν
1445 1504 1563 1582 ἅμα
1597 1502 1887 1584 οἷγόμενος

277 1592 499 1654 πολλόν
531 1593 590 1652 δε
626 1593 899 1664 ναυτικὸν,
928 1593 1154 1671 ἡλικίην
1179 1620 1242 1654 τε
1268 1595 1389 1656 νέος
1417 1593 1535 1663 ε’ων,
1563 1591 1656 1653 καὶ
1680 1594 1888 1653 νεωστὶ

277 1707 606 1763 γεγαμηκως
658 1683 938 1760 βασιλέος
985 1683 1226 1759 Δαρείου
1282 1682 1556 1761 θυγατέρα
1605 1679 1888 1759 Ἀρταζῶ-

280 1795 477 1847 στρην.
561 1769 709 1851 ἅγων
750 1770 810 1830 δὲ
852 1795 952 1830 τον
995 1768 1241 1845 στρατόν
1279 1773 1478 1830 τοῦτον
1504 1796 1535 1829 ο
1520 1767 1889 1845 ’Μαρδόνιος

280 1859 405 1916 ε’πεί
425 1884 487 1919 τε
517 1859 732 1940 ἐγένετο
761 1864 819 1919 ἐν
844 1862 917 1937 τῇ
945 1857 1194 1935 Κιλικίῃ,
1224 1855 1391 1920 αὗτὸς
1414 1859 1519 1933 μὲν
1546 1855 1751 1933 ἔπιβας
1793 1857 1888 1915 ἐπὶ

280 1945 401 2008 νεός
442 1946 725 2022 ἐκομίζετο
747 1944 870 2022 ,ἅμα
895 1949 1031 2023 τῇσι
1068 1941 1286 2022 ἄλλῃσι
1312 1944 1496 2020 νηυσὶ,
1525 1943 1799 2021 στρατιὴν
1825 1944 1889 2002 δὲ

280 2033 384 2107 τήν
414 2033 588 2108 πεζὴν
622 2030 793 2090 ἄλλοι
820 2031 1089 2112 ἡγεμόνες
1113 2030 1255 2112 ἦγον
1282 2033 1374 2091 ε’πὶ
1399 2030 1500 2091 τόν
1525 2029 1885 2106 Ἑλλήσπον-

282 2145 401 2179 τον.
484 2120 555 2181 ὦς
582 2119 641 2177 δὲ
667 2119 1006 2195 παραπλέων
1045 2117 1150 2194 τὴν
1175 2117 1378 2195 Ἀσίην
1403 2117 1635 2178 α’πίκετο
1663 2118 1696 2178 ὁ
1723 2124 1887 2195 Μαρ-

282 2205 462 2269 δόνιος
495 2210 549 2268 ἐς
587 2204 693 2281 τήν
716 2203 942 2286 Ἰωνίην,
975 2206 1214 2265 ἐνθαῦτα
1253 2207 1527 2288 μέγιστον
1560 2207 1720 2282 θῶμα
1754 2206 1888 2281 ε’ρέω

281 2296 436 2352 τοῖσι
469 2293 550 2372 μή
594 2291 1054 2374 ἀποδεκομένοισι
1095 2292 1386 2369 Ἑλλήνων
1426 2294 1695 2371 Περσέων
1732 2296 1888 2353 τοῖσι

285 2380 425 2438 ἐπτοὶ
475 2377 711 2443 Ὀτάνεα
763 2379 990 2462 γνώμην
1035 2379 1418 2449 ἀποδέξασθαι
1467 2379 1538 2443 ὥς
1584 2380 1754 2459 χρεὸν
1802 2382 1888 2456 εἴη

285 2467 760 2545 δημοκρατέεσθαι
800 2469 1050 2544 Πέρσας·
1106 2468 1235 2531 τούς
1280 2467 1389 2547 γὰρ
1435 2466 1731 2543 τυράννους
1776 2472 1889 2528 τῶν

285 2552 481 2614 Ἰώνων
521 2555 884 2619 καταπαύσας
926 2557 1140 2619 πάντας
1180 2554 1212 2615 ὁ
1250 2554 1568 2633 Μαρδόνιος
1612 2555 1887 2631 δημοκρα-

283 2642 405 2704 τίας
451 2644 690 2703 κατίστα
735 2649 791 2722 1ἐς
837 2644 938 2707 τοὶς
984 2642 1209 2706 πόλιας.
1291 2648 1469 2701 ταῦτα
1513 2642 1573 2701 δὲ
1622 2642 1887 2718 ποιήσας,

283 2726 545 2809 ἠπείγετο
591 2737 645 2793 ἐς
686 2730 784 2791 τόν
823 2731 1275 2806 Ἑλλήσποντον.
1361 2730 1430 2792 ὥς
1473 2729 1532 2788 δὲ
1570 2730 1890 2807 συνελέχθη

285 2818 390 2891 μὲν
428 2821 623 2895 χρῆμα
663 2817 886 2878 πολλὸν
929 2823 1081 2888 νεῶν,
1128 2818 1443 2895 συνελέχθη
1488 2818 1546 2875 δὲ
1591 2818 1684 2875 καὶ
1721 2817 1891 2886 πεζὸς

287 2903 507 2968 πολλός
540 2904 797 2981 στρατός,
827 2905 1123 2981 διαβάντες
1148 2909 1284 2981 τῇσι
1321 2905 1484 2981 νηυσὶ
1512 2904 1612 2964 τόν
1636 2903 1891 2978 Ἑλλήσ-

288 3017 494 3052 ποντον
527 2990 858 3067 ἐπορεύοντο
887 2992 976 3050 διοῖ
1002 2997 1104 3067 τῆς
1129 2991 1417 3068 Εὐρώπης·
1460 2989 1793 3067 ἐπορεύοντο
1833 2992 1894 3049 δὲ

195 3078 272 3134 44
292 3079 388 3136 ε’πί
416 3106 478 3139 τε
512 3078 800 3155 Ἐρέτριαν
838 3080 929 3156 καὶ
959 3078 1219 3153 Ἀθήνας.
1302 3078 1480 3138 Αὗται
1515 3080 1620 3155 μὲν
1664 3077 1739 3137 ὦν
1782 3085 1895 3153 σφι

292 3166 602 3245 πρόσχημα
643 3164 793 3241 ἦσαν
832 3170 932 3225 τοῦ
977 3165 1209 3226 στόλου·
1253 3166 1395 3243 οἶτοὶρ
1432 3172 1489 3226 ἐν
1526 3166 1636 3246 νόῳ
1673 3168 1896 3245 ἔχοντες
