2100 3409
172 84 402 151 57—60]
834 86 1145 138 o'rPAmA.
1682 89 1777 140 241

171 170 284 245 μὲν
320 164 498 242 ήπίως
535 163 677 242 πρός
712 162 815 226 τᾶν
853 167 1157 244 Κορίνθιον
1193 164 1490 245 ἀμείψατο·
1542 166 1682 245 πρός
1720 168 1780 228 δὲ

171 255 278 314 τὸν
338 251 695 330 Εὐρυβιάδεα
754 255 912 334 ἔλεγε
971 254 1188 314 ἐκείνων
1236 257 1339 330 μὲν
1387 253 1569 313 οὐκέτι
1622 254 1779 316 οὐδὲν

172 345 289 402 τῶν
328 340 602 420 πρότερον
640 341 965 420 λεχθέντων,
1009 341 1080 404 ὥς
1124 342 1293 403 ἐπεοῖν
1338 340 1619 419 ἀπαίρωσι
1664 340 1779 404 <ivd

176 430 518 506 Σαλαμῖνος,
552 428 964 505 διαδρήσονται·
1016 429 1334 506 παρεόντων
1356 429 1466 510 γὰρ
1499 434 1609 490 τῶν
1638 454 1779 505 σ-υμ·

173 516 376 596 μάχων
427 516 527 576 οὐκ
583 517 750 594 ἔφερέ
795 520 848 577 οἱ
896 517 1113 594 κόσμον
1155 518 1351 580 οὐδένα
1406 518 1779 599 κατηγορέειν·

176 604 210 664 ὅ
245 605 306 663 δὲ
339 603 524 665 ἄλλου
554 604 734 685 λᾶγου
773 605 971 684 εἴχετο,
998 606 1179 686 λέγων
1213 606 1363 666 τάδε·
1406 617 1441 642 “
1459 612 1517 665 ἐν
1552 607 1650 666 σοὶ
1678 609 1778 666 νῦν

177 693 306 752 ἐστὶ
346 695 535 752 σῶσαι
569 691 673 769 τήν
706 692 977 761 Ἑλλάδα,
1008 691 1079 768 ἢν
1116 694 1241 771 ἐμοὶ
1277 694 1443 772 πείθῃ
1473 693 1782 772 ναυμαχίην

174 778 352 840 αὐτοῦ
402 782 581 856 μένων
632 781 942 851 ποιέεσθαι,
987 779 1147 858 μηδὲ,
1200 780 1527 858 πειθόμενος
1576 781 1783 843 τούτων

172 869 332 927 τοῖσι
356 868 610 949 λέγουσι,
638 866 935 947 ἀναζεύξῃς
958 869 1101 945 πρός
1123 869 1224 929 τὸν
1247 868 1485 946 Ἰσθμόν
1507 868 1609 932 τὰς
1628 872 1781 944 νῆας·

176 953 396 1018 ἀντίθες
427 954 538 1035 γὰρ
571 954 829 1032 ἑκάτερον
859 954 1124 1019 οἰκούσας·
1164 956 1306 1034 πρός
1333 959 1438 1033 μὲν
1470 960 1547 1035 τῷ
1570 955 1783 1036 Ἰσθμῷ

174 1040 591 1117 συμβάλλων’
565 1068 624 1101 εν
647 1042 886 1123 πελάγεϊ
918 1043 1355 1124 ἀναπεπταμένῳ
1386 1043 1780 1121 ναυμαχήσεις,

174 1132 232 1192 ἐς
268 1156 302 1189 ο
327 1128 534 1205 ἥκιστα
564 1129 699 1206 ήμῖν
735 1129 1036 1208 σύμφορόν
1073 1135 1197 1190 ἐστι
1222 1134 1357 1206 νῆας
1384 1133 1579 1209 ἔχουσι
1603 1132 1780 1207 βαρυ-

170 1216 339 1293 τέρας
380 1217 471 1275 καὶ
511 1216 750 1295 αριθμόν
792 1217 1133 1281 ἐλάσσονας·
1184 1222 1352 1277 τοῦτο
1399 1217 1474 1290 δὲ,
1525 1215 1783 1280 ἀπολέεις

174 1303 475 1380 Σαλαμῖνά
498 1331 562 1364 τε
587 1330 681 1364 και
709 1306 963 1388 Μέγαρα
987 1305 1081 1364 καὶ
1114 1305 1364 1387 Αιγιναν,
1390 1303 1567 1382 ἥνπερ
1595 1304 1686 1363 καὶ
1710 1330 1783 1364 τα

170 1389 332 1450 ἄλλα
378 1391 786 1471 εὐτυχήσωμεν·
853 1392 973 1471 ἅμα
1028 1392 1140 1475 γὰρ
1192 1396 1270 1472 τῷ
1321 1396 1553 1473 ναυτικῷ
1604 1391 1784 1452 αὐτῶν

172 1479 369 1554 ἕψεται
408 1479 500 1538 καὶ
536 1479 568 1540 ὅ
603 1480 768 1551 πεζός
803 1480 1067 1558 στρατός·
1108 1482 1201 1540 καὶ
1225 1480 1369 1541 οὕτω
1394 1483 1581 1557 σφέας
1616 1479 1783 1544 αὖτός

169 1564 321 1636 ἄξεις
349 1567 440 1626 ἐπὶ
465 1565 573 1643 τήν
604 1567 1066 1643 Πελοπόννησον,
1096 1569 1457 1633 κινδυνεύσεις
1484 1595 1548 1629 τε
1584 1567 1781 1646 οἷποῖσῃ

168 1657 245 1732 τῇ
285 1653 538 1714 Ἑλλάδι.
626 1654 697 1732 ἢν
738 1656 798 1716 δὲ
838 1655 912 1716 ταῖ
953 1655 1061 1736 ἐγώ
1091 1656 1242 1736 λέγω
1272 1655 1532 1734 ποιήσῃς,
1572 1655 1781 1715 τοσάδε

170 1745 232 1802 ἐν
269 1741 497 1802 αὐτοῖσι
531 1743 757 1821 χρηστοὶ
795 1743 1067 1820 εὖρήσεις·
1108 1746 1301 1819 πρῶτα
1330 1744 1450 1818 μὲν,
1487 1747 1548 1801 ἐν
1584 1744 1783 1820 στεινῷ

169 1829 614 1906 συμβάλλοντες
655 1833 820 1907 νηυσὶ
851 1830 1087 1912 ὀλίγῃσι
1130 1828 1270 1908 πρὸς
1314 1827 1554 1897 πολλοῖς,
1600 1826 1671 1903 ἢν
1708 1828 1782 1888 τοὶ

168 1917 368 1978 οἰκότα
395 1923 455 1977 ἐκ
480 1922 581 1977 τοῦ
607 1920 862 1995 πολέμου
897 1918 1131 1998 ἐκβαίνῃ
1156 1915 1378 1977 πολλόν
1405 1914 1780 1993 κρατήσομεν·

166 2031 237 2065 το
276 2005 392 2086 γοὶρ
434 2010 492 2065 ἐν
533 2011 732 2086 στεινῷ
771 2007 1104 2086 ναυμαχέειν
1142 2004 1284 2083 πρός
1316 2004 1502 2080 ἦμέων
1538 2003 1681 2064 ἐστί·
1721 2008 1783 2062 ἐν

168 2092 482 2173 εὐρυχωρίῃ
509 2094 569 2153 δὲ
593 2095 734 2172 πρὸς
761 2096 996 2155 ἐκείνων.
1074 2092 1227 2157 αυτις
1253 2093 1329 2162 δὲ,
1351 2091 1607 2168 Σαλαμὶς
1632 2116 1780 2168 περι-

163 2182 404 2262 γίνεται,
427 2176 483 2244 ἐς
500 2182 605 2258 τήν
623 2181 759 2259 ημῖν
777 2182 1093 2243 ὑπέκκειται
1116 2184 1284 2242 τέκνα
1307 2207 1369 2241 τε
1396 2180 1489 2240 καὶ
1508 2183 1780 2262 γυναῖκες·

165 2269 266 2328 καὶ
282 2268 403 2346 μὴν
422 2296 514 2328 και
493 2268 707 2330 τάδε’
682 2296 742 2330 εν
753 2268 985 2331 αυτοῖσι
1011 2271 1194 2330 ἔνεστι
1218 2294 1317 2329 του
1340 2294 1432 2327 και
1411 2268 1782 2347 περιέχεσθε

161 2355 450 2434 μάλιστα·
509 2356 709 2435 ὁμοίως
744 2357 914 2418 αὐτοῦ
952 2382 1016 2418 τε
1055 2358 1249 2433 μένων,
1291 2355 1782 2434 προναυμαχήσεις

164 2445 644 2522 Πελοποννήσου,
687 2446 780 2505 καὶ
820 2446 962 2524 πρός
998 2450 1078 2523 ,τῷ
1113 2444 1346 2522 Ἰσθμῷζ
1409 2442 1539 2502 οὐδέ
1576 2449 1779 2518 σφεας,

162 2534 330 2610 εἴπερ
360 2531 420 2592 εὖ
447 2534 718 2610 φρονέεις,
741 2533 889 2604 ἄξεις
917 2532 1007 2593 ἐπὶ
1032 2531 1141 2607 τήν
1166 2528 1629 2605 Πελοπόννησον.
1711 2527 1781 2605 ἢν

161 2620 233 2678 δέ
277 2645 350 2700 γε
394 2621 486 2679 καὶ
526 2620 598 2679 τοὶ
642 2620 750 2701 ἐγώ
794 2620 1000 2692 ἐλπίζω
1045 2620 1290 2700 γένηται,
1337 2618 1429 2676 καὶ
1469 2614 1781 2693 νικήσωμεν

159 2712 309 2786 τῇσι
336 2708 520 2784 νηυσὶ,
545 2707 676 2768 οὔτε
712 2708 846 2784 ύμῖν
874 2713 928 2772 ἐς
952 2707 1053 2769 τόν
1076 2706 1314 2784 Ἰσθμὸν
1350 2705 1694 2782 παρέσονται
1726 2707 1810 2763 οἶ·

157 2795 485 2872 βαρβαροι,
504 2793 630 2854 οὔτε
653 2795 1098 2872 προβήσονταιε
1073 2794 1350 2871 εκαστέρω
1373 2797 1474 2868 τῆς
1497 2791 1770 2865 Ἀττικῆς,

158 2882 383 2942 οἷπίασί
416 2908 481 2943 τε
507 2882 685 2943 ουδενὶ
721 2882 930 2962 κόσμω,
961 2881 1289 2963 Μεγάροισί
1316 2905 1379 2939 τε
1419 2878 1779 2985 xepSavfle'ospaev

156 2975 480 3048 περιεοῦσι,
521 2971 613 3031 καὶ
649 2973 866 3052 Αἰγίνῃ,
896 2969 988 3029 καὶ
1016 2970 1368 3044 Σαλαμῖνι,’
1343 2992 1402 3026 εν
1424 2970 1498 3044 τῇ
1524 2964 1658 3038 ἡμῖν
1685 2962 1779 3021 καὶ

156 3059 371 3140 λόγιόν
408 3065 534 3120 ἐστι
558 3086 668 3120 των
696 3061 909 3138 ἐχθρῶν
936 3055 1244 3132 κατύπερθε
1268 3054 1547 3135 γενέσθαι.
1631 3047 1773 3106 οἶκό-

154 3174 238 3210 τα.
262 3150 373 3225 μέν
399 3174 497 3210 νυν
519 3147 986 3224 βουλευομένοισι
1010 3142 1357 3219 ἅνθρωποισι
1378 3139 1448 3202 ὥς
1472 3163 1538 3198 το
1575 3133 1779 3194 επίπαν

154 3237 355 3297 ἐθέλει
390 3235 666 3317 γίνεσθαι·
708 3233 790 3311 μὴ
825 3230 885 3292 δε
917 3228 1110 3292 οἰκότα
1150 3225 1634 3305 βουλευομένοισι,
1672 3244 1776 3281 ουκ
