2100 3409
322 47 416 94 192
930 44 942 64 ”
953 42 1301 91 ΗΡΟΔΟΤΟΤ
1756 38 1909 105 [VII.

224 124 338 183 173
358 149 480 182 τινα
496 121 774 198 σωτηρίην
793 120 1258 199 μηχανεῶμενοι.”
1300 123 1476 180 ταῦτα
1494 121 1688 201 ἔλεγον
1705 122 1756 179 οἱ
1777 127 1912 179 Θεσ-

318 212 509 270 σαλοί.
593 213 666 268 Οἱ
707 209 766 267 δὲ
791 208 1069 284 ’Έλληνες
1109 209 1249 285 πρὸς
1287 213 1463 268 ταῦτα
1506 208 1911 284 ἐβουλεύσαντο

319 304 375 361 ἐς
412 298 741 373 Θεσσαλίην
774 297 1013 373 πέμπειν
1052 296 1192 355 κατσῖ
1225 295 1531 356 θάλασσαν
1556 296 1732 367 πεζὰ.
1752 321 1909 373 στρα-

315 386 430 457 τόν,
468 385 794 460 φυλάξοντα
832 384 936 458 τήν
974 384 1250 459 ἐσβολήν.
1308 383 1405 447 «εἷς
1442 385 1501 443 δὲ
1533 385 1843 462 συνελέχθη
1880 383 1907 441 ὅ

318 475 575 549 στρατὸς,
645 473 810 530 ἔπλεε
864 471 930 530 δι’
987 471 1254 549 Εὐρίπου·
1322 471 1657 548 ἀπικόμενος
1713 471 1770 530 δὲ
1819 475 1905 544 τῆς

315 559 568 638 Ἀχαιίης
607 565 660 621 ἐς
686 558 883 629 Ἀλον,
914 558 1138 634 οἷποβσὶς
1175 560 1466 637 ἐπορεύετο
1495 565 1549 622 ἐς
1577 560 1904 633 Θεσσαλίην,

316 648 417 709 τὰς
442 648 565 710 νέας
587 647 752 707 αὖτοῦ
781 646 1118 707 καταλιπών·
1163 648 1254 705 καὶ
1281 646 1511 706 ἀπίκετο
1534 653 1589 710 ἐς
1608 646 1682 706 τὰ
1698 648 1903 723 Τέμπεα

324 740 380 797 ἐς
413 734 516 810 τὴν
549 726 822 811 ἐσβολήν,
856 734 999 811 ἥπερ
1032 734 1144 794 ‹in-<3
1177 735 1524 810 Μακεδονίης
1559 739 1660 810 τῆς
1698 735 1834 793 κάτω
1857 738 1902 795 ἐς

318 825 648 899 Θεσσαλίην
684 824 844 900 φέρει
876 822 1029 898 παραὶ
1058 823 1299 898 Πηνειὸν
1327 823 1600 899 ποταμὸν,
1628 821 1828 898 μεταξὲ
1852 821 1901 881 δὲ

319 909 630 987 Οὐλύμπου
654 937 716 971 τε
745 909 933 987 οὔρεος
961 909 1123 969 ἐόντα
1149 910 1240 968 καὶ
1265 913 1366 984 τῆς
1381 908 1631 985 Ὄσσης.
1667 910 1903 969 ’ἐνθαῦτα

318 998 849 1075 ἐστρατοπεδεύοντο
884 1001 995 1057 τῶν
1024 997 1315 1074 Ἑλλήνων
1343 998 1485 1057 κατσῖ
1508 999 1735 1074 μυρίους
1760 998 1902 1058 ὁπλῖ-

315 1111 409 1145 ται
441 1088 828 1167 συλλεγέντες·
872 1086 968 1144 καί
999 1092 1113 1161 σφι
1148 1090 1372 1162 προσῆν
1396 1086 1436 1161 ἦ
1462 1089 1572 1145 τῶν
1606 1090 1905 1145 Θεσσαλῶν

320 1174 505 1237 ἶππος·
550 1174 886 1254 ἐστρατήγεε
923 1174 983 1232 δὲ
1018 1173 1464 1250 Λακεδαιμονίων
1496 1175 1602 1250 μὲν
1628 1173 1904 1235 Εὐαίνετος
1917 1184 1932 1205 ⁸

318 1260 352 1320 ὅ
383 1261 641 1338 Καρήνου
680 1267 740 1320 ἐκ
775 1265 886 1321 τῶν
920 1261 1297 1340 πολεμάρχων
1324 1260 1709 1338 ἀραιρημένος,
1735 1262 1906 1342 γένεος

319 1349 510 1424 μέντοι
551 1348 650 1406 ἐών
689 1347 754 1407 ού
787 1352 889 1407 τοῦ
924 1348 1252 1423 βασιληίου,
1281 1347 1590 1424 Ἀθηναίων
1617 1349 1677 1407 δὲ
1712 1355 1905 1425 Θεμισ-

318 1434 552 1509 τοκλέης
604 1433 638 1493 ὁ
691 1434 990 1498 Νεοκλέος.
1076 1437 1292 1512 ἔμειναν
1344 1436 1405 1495 δὲ
1458 1435 1658 1517 ὀλίγας
1712 1435 1908 1513 ἡμέρας

321 1521 573 1582 ἐνθαῦτα·
616 1521 942 1599 οἷπικόμενοι
966 1522 1079 1604 γοὶρ
1107 1523 1342 1604 ἄγγελοι
1366 1523 1522 1603 παρὰ
1548 1522 1907 1601 Ἀλεξάνδρου

314 1613 418 1670 τοῦ
442 1607 735 1687 Ἀμύντεω,
766 1609 963 1688 ἀνδρὸς
1000 1610 1339 1681 Μακεδόνος,
1367 1610 1781 1687 συνεβούλευόν
1804 1617 1909 1686 σφι

319 1697 819 1768 ἀπαλλάσσεσθαι,
846 1699 987 1775 μηδὲ
1018 1698 1285 1775 μένοντας
1316 1703 1373 1758 ἐν
1402 1703 1473 1776 τῇ
1502 1699 1729 1776 ἐσβολῇ
1755 1724 1907 1757 κατα·

317 1787 632 1869 πατηθῆναι
667 1785 777 1845 find
810 1789 910 1846 τοῦ
951 1789 1199 1862 στρατοῦ
1233 1785 1499 1849 ἐπιόντος·
1556 1786 1908 1862 σημαίνοντες

319 1872 385 1933 τὰ
411 1874 630 1949 πλῆθός
653 1899 716 1933 τε
740 1878 841 1950 τῆς
867 1877 1137 1950 στρατιῆς
1164 1875 1256 1932 καὶ
1281 1873 1381 1937 τὰς
1407 1874 1551 1936 νέας·
1587 1873 1657 1936 ὥς
1683 1873 1741 1932 δὲ
1766 1869 1910 1932 οὗτοί

318 1966 432 2036 σφι
456 1966 631 2021 ταῦτα
657 1960 1087 2038 συνεβούλευον,
1117 1960 1362 2039 (χρηστοὶ
1396 1960 1506 2041 γοὶρ
1534 1960 1751 2021 ἐδόκεον
1775 1986 1906 2036 συμ-

315 2049 624 2124 βουλεύειν,
655 2050 751 2107 καί
774 2054 885 2124 σφι
912 2048 1096 2111 εὔνοος
1127 2049 1383 2123 ἐφαίνετο
1414 2048 1517 2106 ἐών
1544 2047 1576 2107 ὁ
1605 2046 1906 2126 Μακεδὼν)

321 2136 627 2194 ἐπείθοντο·
656 2132 874 2195 ’δοκέειν
905 2136 967 2194 δέ
989 2162 1105 2212 μοι,
1133 2134 1372 2212 ἀρρωδίη
1404 2135 1473 2212 ἦν
1508 2136 1575 2196 τὰ
1610 2137 1814 2205 πεῖθον,
1843 2135 1907 2199 ὦς

319 2221 591 2280 ἐπύθοντο
624 2222 716 2279 καὶ
751 2221 936 2298 ἄλλην
968 2228 1179 2283 ’ἐοῦσαν
1219 2222 1477 2299 ἐσβολὴν
1504 2228 1560 2287 ἐς
1586 2222 1907 2286 Θεσσαλούς

323 2307 463 2366 κατα
512 2307 616 2384 τὴν
666 2307 776 2368 ἅνω
839 2311 1191 2387 Μακεδονίην
1244 2311 1333 2370 διᾶ
1388 2313 1725 2389 Περραιβῶν
1776 2314 1907 2370 κατὰ

323 2395 527 2456 Γόννον
560 2395 749 2457 πόλιν·
800 2402 976 2476 τῇπερ
1014 2397 1083 2475 δὴ
1125 2399 1218 2458 καὶ
1259 2399 1506 2475 ἐσέβαλε
1538 2399 1578 2474 ἦ
1611 2398 1843 2477 στρατιὴ
1870 2397 1908 2474 ἦ

320 2482 555 2559 Ξέρξεω·
604 2485 947 2562 καταβάντες
985 2486 1045 2545 δὲ
1092 2489 1146 2546 οἳ
1178 2485 1457 2562 Ἕλληνες
1499 2487 1593 2545 ἐπὶ
1633 2486 1732 2549 τοὶς
1774 2487 1905 2569 νέας,

230 2570 344 2633 174
363 2569 545 2630 ὀπίσω
571 2565 897 2651 ἐπορεύοντο
926 2579 980 2636 ἐς
1004 2573 1107 2635 τᾶν
1131 2573 1384 2650 Ἰσθμόν.
1453 2573 1609 2650 Αὕτη
1640 2571 1907 2654 ἐγένετο-ἦ

322 2662 378 2720 ἐς
428 2661 757 2736 Θεσσαλίην
811 2661 1101 2738 στρατηίη,
1155 2661 1436 2738 βασιλέος
1496 2687 1558 2721 τε
1610 2663 1909 2738 μέλλοντος

321 2745 631 2820 διαβαίνειν
656 2752 712 2809 ἐς
735 2747 839 2824 τὴν
872 2748 1147 2826 Εὐρώπην
1174 2753 1234 2808 ἐκ
1258 2752 1360 2824 τῆς
1383 2747 1584 2826 Ἀσίης
1610 2749 1703 2808 καὶ
1738 2747 1910 2813 ἐόντος

317 2831 426 2909 ἤδη
467 2838 526 2892 ἐν
563 2832 805 2913 Ἀβύδῳ·
851 2836 1145 2896 Θεσσαλοὶ
1184 2836 1245 2895 δὲ
1287 2837 1658 2914 ἐρημωθέντες
1703 2836 1912 2914 πμμαῖ·

321 2948 452 3001 χων,
480 2920 622 2982 οὕτω
643 2920 711 2996 δὴ
733 2922 1006 2998 ἐμήδισαν
1023 2922 1320 3002 προθύμως
1339 2924 1452 2985 οὐδ’
1474 2926 1556 2986 ἔτι
1575 2925 1912 2989 ἐνδοιαστῶς·

323 3009 468 3070 ὥστε
494 3014 568 3069 ’ἐν
605 3011 760 3069 τοῖσι
798 3010 1096 3091 πρήγμασι
1133 3013 1428 3088 ἐφαίνοντο
1462 3014 1707 3090 βασιλέϊ
1736 3012 1917 3092 ἄνδρες

324 3098 503 3162 ἐόντες
526 3096 975 3178 χρησιμώτατοι.

232 3184 346 3245 175
447 3189 521 3247 Οἱ
545 3186 607 3247 δὲ
620 3184 899 3262 Ἕλληνες
925 3187 1049 3245 ἐπεί
1078 3211 1142 3246 τε
1177 3184 1417 3249 ἀπίκατο
1458 3192 1515 3254 ἐς
1544 3187 1648 3251 τᾶν
1671 3187 1919 3269 Ἰσθμᾶν,
