2100 3409
345 19 441 67 252
957 15 1326 66 ‘HPOAom'r
1762 13 1945 79 [vm.

248 100 324 157 85
425 95 592 155 Κατὰ
656 97 760 172 μὲν
817 94 884 170 δὴ
937 93 1265 168 Ἀθηναίους
1319 92 1622 171 ἐτετάχατο
1685 96 1946 159 Φοίνικες·

346 182 500 244 οὗτοι
524 183 634 265 γσῖρ
673 181 824 261 εἶχον
853 180 920 241 τό
955 180 1095 257 πρὸς
1120 177 1445 251 Ἐλευσῖνός
1483 205 1545 239 τε
1583 179 1681 238 καὶ
1720 184 1944 259 ἑσπέρης

347 274 527 348 κέρας·
611 271 751 329 κατά
803 270 862 328 δὲ
905 267 1392 344 Λακεδαιμονίους,
1428 265 1637 332 Ἴωνες·
1713 267 1866 329 οὗτοι
1900 270 1943 330 δ’

350 359 504 439 εἶχον
534 359 600 419 τό
626 358 765 437 πρός
799 357 902 433 τήν
938 355 1019 431 ἠῶ
1055 381 1117 415 τε
1152 356 1243 414 καὶ
1274 355 1374 415 τᾶν
1406 357 1701 434 Πειραιέα·
1773 359 1942 418 ἐθελο-

348 448 547 507 κάκεον
571 448 764 524 μέντοι
789 444 968 504 αὐτῶν
995 443 1137 503 κατὰ
1159 468 1260 506 τας
1280 446 1706 520 Θεμιστοκλέος
1732 447 1943 509 ἐντολὰς

349 533 553 615 ολίγοι·
621 536 674 591 οἱ
721 533 779 591 δὲ
830 531 1065 594 πλεῦνες
1113 557 1196 591 ου.
1280 533 1388 609 ἔχω
1432 533 1540 608 μέν
1590 559 1690 594 νυν
1739 538 1942 613 συχνῶν

352 621 632 698 οὐνόματα
657 619 1004 698 τριηράρχων
1025 600 1328 689 καταλέξαι
1345 622 1455 679 τῶν
1474 623 1612 696 νῆας
1623 620 1941 697 EMrJvOEae

353 708 608 768 ἑλόντων·
655 707 944 788 χρήσομαι
976 707 1034 766 δὲ
1071 706 1294 766 αὐτοῖσι
1326 705 1502 776 ουδὲν,
1542 711 1702 783 πλῆν
1745 709 1942 784 Θεομή-

355 797 559 874 στορός
610 823 671 858 τε
724 800 825 857 τοῦ
870 794 1349 872 Ἀνδροδάμαντος
1379 795 1489 853 ,καὶ
1543 795 1811 865 Φυλάκου
1852 800 1940 855 τοῦ

351 884 635 959 Ἱστιαίου,
661 886 883 962 Σαμίων
909 883 1260 960 ἀμφοτέρων.
1329 886 1430 941 τοῦ
1459 883 1518 941 δὲ
1544 884 1728 942 εἵνεκα
1752 885 1942 960 μέμνη-

351 999 457 1048 μαι
495 972 702 1032 τούτων
740 971 973 1048 μούνων,
1001 970 1089 1031 ὅτι
1130 969 1473 1047 Θεομήστωρ
1514 971 1619 1047 μὲν
1662 971 1755 1030 διαὶ
1793 975 1942 1032 τοῦτο

354 1059 421 1120 τό
460 1061 623 1141 ἔργον
665 1057 859 1135 Σάμου
901 1059 1275 1136 ἐτυράννευσε,
1318 1057 1799 1133 καταστησάντων
1847 1063 1943 1117 τῶν

357 1149 642 1224 Περσέων·
670 1146 927 1210 Φύλακος
954 1147 1011 1205 δὲ
1039 1147 1325 1226 εὐεργέτης
1342 1146 1622 1221 βασιλέος
1648 1145 1943 1226 ἀνεγράφη,

358 1237 450 1295 καὶ
484 1235 640 1314 χώρη
678 1238 731 1295 οἶ
773 1235 1019 1313 ἐδωρήθη
1060 1233 1274 1308 πολ-λη’.
1358 1236 1412 1293 οἶ
1454 1232 1501 1292 δ’
1540 1232 1822 1314 εὐεργέται
1855 1237 1945 1293 τοῦ

260 1323 338 1383 86
355 1324 633 1399 βασιλέος
694 1323 1007 1403 ὀροσάγγαι
1067 1321 1363 1380 καλέονται
1423 1321 1730 1398 Περσιστί.
1813 1321 1943 1396 Περὶ

354 1411 460 1485 μέν
487 1436 583 1483 νυν
609 1410 834 1472 τούτους
860 1435 1000 1468 ουτω
1034 1408 1168 1487 εἶχε·
1231 1408 1297 1468 τό
1336 1409 1395 1467 δὲ
1431 1409 1655 1482 πλῆθος
1680 1412 1792 1468 τῶν
1815 1412 1945 1483 rvr-1⁶?

358 1500 415 1555 ἐν
456 1500 529 1574 τῇ
573 1496 852 1571 Σαλαμῖνι
895 1497 1216 1574 ἐκεραΐζετο,
1268 1499 1327 1556 αἱ
1369 1498 1474 1573 μὲν
1520 1493 1622 1554 ὑπ’.
1654 1495 1946 1571 Ἀθηναίων

360 1581 814 1660 διαφθειρόμεναι
840 1586 899 1643 αἱ
925 1583 984 1642 δὲ
1018 1583 1129 1643 ὖπό
1166 1581 1522 1665 Αἰγινητέων·
1583 1581 1682 1642 ἅτε
1715 1584 1824 1663 γὰρ
1853 1587 1947 1642 τῶν

355 1672 460 1748 μὲν
484 1669 773 1746 Ἑλλήνων
799 1671 907 1731 σῦν
933 1672 1127 1750 κόσμῳ
1163 1669 1587 1749 ναυμαχεόντων
1621 1670 1764 1730 κατὰ
1789 1670 1946 1740 τάξιν,

358 1764 467 1819 τῶν
505 1759 565 1835 δὲ
599 1760 912 1837 βαρβάρων
950 1758 1030 1818 οὗ·
1049 1759 1396 1840 τεταγμένων
1425 1759 1523 1830 ἔτι,
1560 1756 1690 1817 οὔτε
1726 1758 1834 1818 σῦν
1857 1757 1948 1836 νόῳ

358 1873 655 1908 ποιεοντων
703 1846 874 1917 οὐδὲν,
931 1847 1135 1922 ἔμελλε
1174 1845 1396 1906 τοιοῦτό
1438 1851 1550 1921 σφι
1592 1846 1948 1905 συνοίσεσθαι

361 1933 583 2011 οἷόνπερ
636 1933 847 2011 απέβη·
930 1932 1111 1992 καίτοι
1172 1933 1322 2008 ἦσάν
1383 1959 1449 2015 γε
1512 1932 1630 2014 [καὶ
1688 1931 1947 2014 ἐγένοντο]

358 2046 564 2098 ταυτην
602 2021 705 2098 τήν
743 2021 982 2128 ημέρηνΑ
993 2025 1188 2100 μακρῷ
1228 2020 1510 2096 ἀμείνονες
1542 2019 1764 2080 αυτοὶε
1737 2024 1945 2088 εωυτῶν,

356 2106 420 2189 [ἢ
447 2135 586 2186 προς
609 2108 891 2191 Ευβοίῃ,]
901 2135 1011 2172 πας
1035 2135 1119 2171 τις
1144 2107 1595 2184 προθυμεόμενος
1627 2109 1724 2166 καὶ
1759 2107 1947 2185 δειμαί·

363 2221 470 2255 νων
507 2197 739 2271 Ξέρξην·
813 2196 997 2257 ἐδόκεέ
1032 2221 1095 2255 τε
1137 2196 1372 2259 ἕκαστος
1412 2193 1614 2255 ἑωυτον
1656 2194 1948 2270 θεήσεσθαι

361 2283 633 2357 βασιλέα.
834 2301 841 2306 ·
1509 2300 1514 2305 “
1777 2278 1782 2283 ”

267 2371 342 2429 87
445 2367 611 2453 Κατοῖ
635 2370 738 2445 μὲν
778 2369 845 2445 δὴ
880 2369 1008 2434 τούς
1042 2370 1270 2445 ἅλλους,
1301 2370 1401 2432 οὖκ
1438 2372 1546 2450 ἔχω
1580 2371 1949 2450 μετεξετέρους

363 2460 534 2516 εἰπεῖν
573 2455 853 2534 ἀτρεκέως,
895 2484 967 2520 ως
1008 2459 1233 2518 ἕκαστοι
1274 2463 1383 2519 τῶν
1422 2459 1741 2535 βαρβάρων
1783 2458 1821 2535 ἢ
1856 2461 1949 2518 τᾶν

360 2543 652 2621 Ἑλλήνων
693 2544 1044 2626 ἠγωνίζοντο·
1117 2573 1256 2606 κατα
1310 2546 1370 2606 δὲ
1416 2546 1783 2622 Αρτεμισίην
1836 2544 1950 2605 τάδε

363 2633 598 2711 ἐγένετο,
646 2632 743 2693 ἀπ’
784 2661 860 2695 ων
901 2633 1233 2710 ευδοκίμησε
1272 2634 1569 2709 μᾶλλον”
1540 2659 1621 2693 ετι
1663 2660 1819 2710 παρα

364 2721 539 2778 σιλέϊ·
597 2721 782 2796 ἐπειδη
823 2748 932 2802 γαρ
976 2726 1031 2784 ἐς
1073 2721 1319 2797 θόρυβον
1359 2720 1585 2780 πολλόν
1625 2719 1856 2781 απίκετο
1889 2713 1954 2779 τὰ

360 2806 640 2882 βασιλέος
678 2807 997 2887 πρήγματα,
1043 2812 1101 2867 ἐν
1139 2808 1315 2889 τούτω
1353 2812 1431 2888 τῷ
1471 2812 1642 2887 καιρῷ
1682 2808 1721 2883 ἦ
1761 2811 1888 2883 νηῦς
1917 2808 1952 2883 ἦ

348 2938 353 2945 -
361 2891 718 2970 Ἀρτεμισίης
749 2893 1065 2954 ε’(διωκετοε
1031 2921 1142 2955 υπο
1179 2897 1309 2972 νηὸς
1331 2895 1609 2970 Ἀττικῆς·
1655 2897 1750 2954 καὶ
1785 2893 1956 2971 ’ᾆσαι

362 2981 573 3060 ἔχουσα
627 2978 964 3059 διαφυγέειν·
1047 2983 1333 3061 ἔμπροσθε
1399 3010 1508 3064 γαρ
1580 2982 1753 3058 αὐτῆς
1821 2981 1957 3058 ἦσαν

362 3067 537 3127 ἄλλαι
578 3070 705 3144 νῆες
746 3069 936 3143 φίλιαι
968 3070 1008 3145 ἦ
1044 3070 1103 3129 δὲ
1135 3071 1307 3147 αὐτῆς
1346 3072 1486 3148 πρὸς
1528 3075 1639 3133 τῶν
1683 3071 1959 3149 πολεμίων

362 3155 620 3231 μάλιστα
636 3154 913 3245 ’ἐτύγχανε
944 3160 1135 3216 ἐοῦσα·
1180 3159 1334 3228 ἔδοξέ
1364 3162 1419 3218 οἱ
1453 3158 1582 3219 τόδε
1617 3161 1884 3237 ποιῆσαι,
1903 3155 1961 3219 εὖ
