2100 3409
238 91 397 159 6-3]
863 90 1239 142 mmmmm
1762 96 1848 146 121

234 172 408 233 αὖτσυ
447 195 696 248 σεμνους
734 168 954 251 λόγους,
1000 170 1268 278 κατέλεγε
1305 174 1418 232 τῶν
1457 176 1745 250 χρησμῶν·
1793 178 1844 233 εἰ

206 247 219 260 ’
231 260 343 336 μέν
378 285 437 319 τι
477 258 623 319 ἐνεοι
655 258 906 367 σφάλμα
949 259 1124 370 φέρον
1158 263 1235 337 τῷ
1274 259 1571 338 βαρβάρῳ,
1609 265 1717 319 τῶν
1748 266 1850 337 μὲν

235 350 401 429 ἔλεγε
455 346 634 406 οὐδέν·
705 347 738 407 ὁ
793 346 853 406 δὲ
903 373 976 407 τα
1033 346 1415 424 εὖτυχὲστατα
1471 346 1848 427 ἐκλεγόμενος,

237 438 404 515 ἔλεγε
438 434 540 495 τόν
574 460 639 494 τε
664 434 1115 511 Ελλήσποντον,
1147 434 1217 497 ὥς
1245 436 1540 513 ζευχθῆναι
1568 435 1738 513 χρεόν
1770 437 1853 512 εἴη

235 525 319 582 13⁷1-
316 522 550 600 ’ἀνδρος
569 523 826 600 Περσεω,
843 522 948 599 τήν
972 550 1035 583 τε
1057 525 1255 582 ἔλασιν
1276 523 1654 603 ἐξηγεόμενος.
1694 521 1854 587 ουτός

233 638 302 671 τε
342 610 415 687 δή
462 612 842 690 χρησμῳδέων
877 611 1280 689 προσεφέρετο,
1326 611 1416 670 καὶ
1454 612 1513 670 οἵ
1551 637 1615 672 τε
1657 617 1854 670 Πεισι-

235 699 539 775 στρατῶαι
565 701 659 758 καὶ
685 703 740 758 οἱ
763 699 1062 759 Ἀλευάδαι
1089 725 1312 779 γνωμας
1338 697 1805 775 αποδεικνύμενοι.

320 788 422 851 Ως
462 788 526 847 δὲ
561 787 887 870 ἀνεγνώσθη
921 787 1133 865 Ξέρξης
1169 787 1578 863 στρατεύεσθαι
1620 788 1711 847 ἐπι
1746 789 1850 864 τὴν
1882 789 1915 848 7

234 875 520 945 Ἐλλάδα,
542 877 780 937 ἐνθαῦτα
806 876 1037 956 δευτέρω
1056 879 1161 953 μὲν
1188 876 1295 935 ἔτεϊ
1319 902 1463 952 μετα
1483 877 1587 937 τόν
1616 876 1853 938 θάνατον

235 964 343 1024 τόν
392 965 650 1072 Δαρείου,
697 969 891 1043 πρῶτα
937 965 1245 1041 στρατηιην
1292 965 1540 1024 ποιέεται
1587 965 1679 1024 ἐπὶ
1723 991 1855 1028 τους

239 1051 624 1115 ἀπεστεῶτας.
692 1053 921 1117 τούτους
944 1053 1052 1130 μέν
1075 1078 1173 1113 νυν
1199 1053 1740 1131 καταστρεψάμενος,
1759 1053 1853 1111 καὶ

239 1141 533 1222 Αἴγυπτον
567 1145 762 1201 πᾶσαν
800 1139 1024 1201 πολλὰν
1065 1140 1402 1217 δουλοτέρην
1426 1141 1671 1216 ποιήσας
1694 1139 1733 1217 ἦ
1760 1142 1852 1199 ἐπὶ

239 1230 489 1305 Δαρείου
526 1227 615 1305 ἦν,
640 1231 923 1307 ἐπιτρέπει
946 1229 1283 1308 Ἀχαιμένεϊ,
1312 1227 1570 1307 ἀδελφεῷ
1594 1231 1698 1305 μὲν
1725 1232 1850 1287 ἑωυ-

237 1321 343 1376 τοῦ
371 1318 614 1394 Δαρείου
649 1319 709 1376 δὲ
744 1318 920 1378 παιδί.
1000 1317 1339 1397 Ἀχαιμένεα
1376 1317 1481 1394 μέν
1511 1341 1607 1376 νυν
1632 1322 1847 1395 ἐπιτρο-

236 1406 485 1465 πεύοντα
521 1405 807 1485 Αἰγύπτου
841 1405 1024 1485 χρόνῳ
1065 1405 1362 1483 μετέπειτα
1398 1405 1671 1482 ἐφόνευσε
1710 1404 1848 1465 Ἰνά-

238 1520 349 1570 ρως
390 1493 421 1552 ὁ
463 1494 838 1573 Ψαμμιτίχου,
882 1493 1022 1571 ἀνὴρ
1063 1495 1267 1570 Λίβυς.
1351 1494 1565 1571 Ξέρξης
1607 1494 1668 1553 δὲ
1704 1492 1848 1570 μετὰ
1877 1496 1915 1552 8

240 1581 533 1663 Αἰγύπτου
571 1580 803 1656 ἅλωσιν,
833 1582 903 1645 ὥς
935 1583 1140 1657 ἔμελλε
1180 1586 1237 1644 ἐς
1274 1586 1466 1661 χεῖρας
1505 1581 1741 1651 ἄξεσθαι
1777 1580 1846 1641 τὰ

236 1666 569 1747 στράτευμα
591 1668 659 1729 τὰ
687 1670 777 1728 ἐπὶ
802 1670 901 1733 τὰς
924 1668 1182 1745 Ἀθήνας,
1212 1668 1505 1749 σύλλογον
1546 1669 1848 1742 ἐπίκλητον

239 1758 516 1833 Περσέων
552 1760 663 1817 τῶν
700 1756 944 1835 αρίστων
983 1759 1246 1825 ἐποιέετο,
1276 1756 1367 1815 ἵνα
1403 1755 1627 1835 γνώμας
1656 1779 1720 1814 τε
1744 1754 1847 1813 πύ-

238 1847 411 1921 θηται
437 1846 631 1920 σφεων
657 1846 763 1905 καὶ
756 1845 937 1908 ‹nh-6«,-
962 1850 1022 1903 ἐν
1045 1848 1193 1902 πᾶσι
1219 1844 1348 1920 εἴπῃ
1371 1868 1443 1901 τα
1473 1843 1645 1903 θέλει·
1691 1841 1762 1904 ὥς
1787 1842 1847 1902 δὲ

237 1933 688 2011 συνελέχθησαν,
717 1933 871 2002 ἔλεξε
894 1932 1108 2009 Ξέρξης
1136 1930 1288 1991 τάδε·
1331 1940 1367 1966 “
1384 1928 1576 2006 ἄνδρες
1601 1930 1843 2006 Πέρσαι,

238 2019 358 2080 ovr'
383 2021 547 2084 αυτός
589 2020 981 2100 κατηγήσομαι
1020 2019 1193 2097 νόμον
1231 2017 1442 2079 τόνδε’
1415 2043 1474 2078 εν
1501 2017 1633 2093 υμῖν
1657 2017 1843 2087 τιθεις,

236 2106 692 2184 παραδεξάμενός
721 2134 784 2167 τε
820 2106 966 2186 adv-<3
991 2106 1302 2187 χρήσομαι·
1346 2106 1417 2170 ὥς
1441 2107 1552 2213 γάρ
1583 2104 1690 2187 ἐγω
1714 2131 1846 2165 πυν-

238 2195 484 2271 θάνομαι
510 2199 621 2255 τῶν
645 2196 1058 2274 πρεσβυτέρων,
1087 2194 1303 2272 ουδαμά
1331 2222 1405 2254 κω
1431 2193 1847 2272 ἠτρεμήσαμεν,

238 2283 371 2341 ἐπεί
415 2309 479 2342 τε
531 2283 935 2360 παρελάβομεν
980 2284 1084 2360 τήν
1134 2282 1437 2364 ἡγεμονίην
1485 2284 1650 2358 τήνδε
1694 2283 1848 2359 παρὰ

236 2370 457 2446 Μήδων
484 2371 676 2448 Κύρου
717 2371 1048 2434 κατελόντος
1071 2371 1410 2453 Ἀστυάγεα·
1453 2370 1608 2430 ἀλλὰ
1636 2371 1762 2433 θεός
1785 2397 1848 2431 τε

239 2480 387 2517 ουτω
423 2485 562 2540 αγει,
596 2460 686 2518 καὶ
722 2459 943 2519 αὐτοῖσι
983 2458 1122 2536 ἡμῖν
1160 2460 1354 2518 πολλοὶ
1397 2460 1669 2519 ἐπέπουσι
1702 2485 1843 2536 συμ-

236 2546 475 2622 φέρεται
508 2547 709 2607 ἐπὶ·τὸ
750 2546 986 2624 ἄμεινον.
1071 2573 1145 2607 τα
1168 2548 1273 2623 μέν
1301 2572 1398 2606 νυν
1425 2547 1613 2622 Κῦρός
1649 2573 1713 2607 τε
1753 2548 1844 2605 καὶ

238 2635 572 2711 Καμβύσης
618 2635 803 2713 πατήρ
848 2661 911 2695 τε
959 2634 1092 2713 ἐμος
1140 2638 1376 2711 Δαρεῖος
1427 2635 1845 2715 κατεργάσαντο

200 2769 219 2789 .
238 2722 338 2781 καὶ
373 2723 837 2799 προσεκτήσαντο
875 2724 1046 2793 ἔθνεα,
1079 2723 1503 2799 ἐπισταμενοισι
1546 2721 1608 2781 εὖ
1643 2749 1742 2782 ουκ
1776 2722 1844 2781 ἄν

234 2836 326 2873 τις
368 2812 548 2892 λεγοι·
596 2812 704 2892 ἐγω
747 2812 807 2871 δὲ
850 2813 974 2871 ἐπεί
1008 2837 1072 2872 τε
1113 2812 1447 2888 παρελαβον
1485 2810 1585 2870 τὸν
1629 2810 1843 2918 θρόνον,

232 2901 409 2957 τοῦτο
452 2898 854 2975 ἐφρόντιζον,
821 2925 959 2962 οκως
994 2899 1079 2975 μὴ
1118 2899 1391 2978 λείψομαι
1424 2903 1535 2959 τῶν
1569 2898 1841 2974 πρότερον

232 2988 552 3066 γενομένων
579 2991 636 3047 ἐν
658 2992 795 3067 τιμῇ
821 2989 970 3067 τῇδε,
991 2988 1133 3064 μηδὲ
1155 2986 1385 3047 ἐλάσσω
1408 2983 1844 3063 προσκτήσομαι

235 3073 474 3150 δύναμιν
499 3077 786 3155 Πέρσησι.
869 3076 1176 3154 φροντίζων
1216 3075 1276 3135 δὲ
1313 3075 1546 3151 εὑρίσκω
1585 3069 1703 3143 ἅμα
1741 3069 1846 3143 μὲν

236 3162 407 3225 κῦδος
451 3163 588 3240 ἡμῖν
632 3190 696 3224 τε
746 3163 1206 3247 προσγινόμενον,
1257 3163 1443 3242 χώρην
1487 3181 1550 3216 τε
1594 3179 1697 3238 ‘²775
1744 3156 1843 3212 νῦν

237 3249 525 3327 ἐκτήμεθα
565 3277 664 3312 ουκ
707 3252 998 3313 ἐλάσσονα
1034 3250 1162 3311 οὐδὲ
1186 3244 1596 3323 φλαυροτέρηνῑ
1614 3245 1843 3310 wudu)-
