2100 3409
210 81 508 145 loa—106]
853 79 1225 131 non-mnu.
1724 81 1815 130 161

207 161 547 243 ἠνάγκασας
592 159 782 241 λέγειν
823 164 934 220 τῶν
976 159 1165 241 λόγων
1208 158 1338 223 τούς
1384 158 1816 235 ἀληθεστάτους,

211 251 418 330 ἔλεγον
457 248 530 308 τὰ
570 248 879 323 κατήκοντα
923 248 1328 326 Σπαρτιήτῃσι·
1384 248 1562 306 καίτοι
1603 247 1673 311 ῶς
1712 247 1820 329 ἐγῶ

209 337 476 418 τυγχάνω
518 336 589 395 τοὶ
627 340 724 396 νῦν
758 336 889 396 τάδε
926 336 1207 418 ἐστοργῶς
1243 337 1478 398 ἐκείνους
1518 334 1682 398 αὐτὸς
1715 333 1820 412 μά-

211 429 395 485 λιστα
414 424 745 494 ἐξεπίστεαι,
766 425 825 484 οἵ
833 451 905 502 με
923 425 1092 502 τιμήν
1108 450 1169 484 τε
1188 426 1279 484 καὶ
1298 425 1464 506 γέρεα
1482 422 1820 499 ἀπελόμενοι

209 513 469 590 πατρώϊα
491 512 696 572 ἄπολίν
715 538 778 572 τε
800 513 890 571 καὶ
912 512 1139 593 φυγάδα
1163 512 1521 588 πεποιήκασι,
1543 510 1729 587 πατὴρ
1758 510 1819 569 δὲ

211 601 321 664 σὰς
345 600 757 676 ὑποδεξάμενος
773 602 907 678 βίον
922 602 987 660 τέ
997 627 1098 680 μοι
1115 602 1205 661 καὶ
1228 603 1380 661 οἶκον
1400 601 1615 661 δέδωκε·
1646 598 1821 659 οὔκων

212 689 368 752 οἰκός
410 695 534 749 ἐστι
578 689 750 767 ἄνδρα
791 689 891 749 τὸν
926 689 1199 767 σώφρονα
1235 690 1448 766 εὐνοίην
1481 689 1821 767 φαινομένην

212 775 563 848 διωθέεσθαι,
607 776 761 836 άλλσῖ
800 779 1056 859 στέργειν
1089 777 1359 855 μάλιστα.
1445 778 1554 860 ἐγῶ
1593 777 1652 836 δέ
1693 776 1820 836 οὔτε

213 866 352 925 δέκα
394 865 633 942 ἀνδράσι
658 866 993 944 ’ύπίσχομαι
1041 865 1156 929 οἶός
1207 891 1269 925 τε
1324 866 1462 927 εἶναι
1513 864 1816 945 μάχεσθαι,

214 952 349 1014 οὔτε
374 954 578 1013 δυοῖσι·
622 953 755 1013 ἐκῶν
780 979 842 1014 τε
870 954 1006 1014 εἶναι
1035 953 1148 1014 οὐδ’
1174 952 1241 1014 ἂν
1265 953 1725 1033 μουνομαχέοιμι·
1767 956 1816 1011 εἶ

215 1042 276 1099 δὲ
325 1041 598 1124 ἀναγκαίη
654 1043 737 1118 εἴη
788 1041 826 1118 ἦ
878 1043 1055 1124 μέγας
1094 1068 1179 1106 τις
1218 1042 1251 1103 ὅ
1296 1043 1603 1119 ἐποτρύνων
1649 1039 1817 1121 αἰγῶν,

214 1131 506 1209 μαχοίμην
534 1130 600 1189 ἂν
626 1129 844 1190 πάντων
879 1130 1086 1206 ἥδιστα
1114 1130 1192 1190 ἐνὶ
1217 1130 1425 1190 τούτων
1452 1135 1561 1190 τῶν
1588 1128 1814 1205 ἀνδρῶν,

215 1218 271 1277 οἳ
297 1217 590 1294 Ἑλλήνων
625 1218 858 1281 ἔκαστός
891 1225 1039 1295 φησι
1075 1223 1241 1295 τριῶν
1273 1217 1425 1287 ἄξιος
1463 1217 1618 1276 εἶναι·
1662 1215 1731 1279 ῶς
1751 1215 1818 1275 δὲ

214 1307 309 1364 καὶ
328 1306 773 1383 Λακεδαιμόνιοι,
797 1306 936 1366 κατὰ
961 1309 1066 1383 μὲν
1087 1307 1180 1366 ἕνα
1203 1306 1542 1385 μαχεόμενοι
1564 1303 1817 1381 οὐδαμῶν

214 1398 329 1453 εἶσι
357 1385 604 1457 κακίονές
630 1393 854 1471 ἀνδρῶν,
883 1394 1044 1458 ἁλέες
1071 1394 1130 1454 δὲ
1157 1387 1380 1472 ἅριστῧι
1406 1392 1617 1471 ἀνδρῶν
1644 1392 1814 1452 ἁπάν-

210 1507 342 1542 των·
387 1480 669 1559 ἐλεύθεροι
702 1482 811 1562 γὰρ
846 1482 1026 1546 ἐόντες
1054 1481 1118 1542 οὗ
1157 1482 1338 1543 πάντα
1376 1481 1661 1559 ἐλεύθεροί
1683 1485 1813 1541 εἶσι·

213 1569 414 1630 ἔπεστι
435 1568 548 1651 γάρ
575 1577 687 1645 σφι
713 1570 989 1645 δεσπότης
1015 1570 1200 1647 νόμος,
1228 1571 1327 1631 τόν
1362 1570 1816 1645 ὑποδειμαίνουσι

212 1660 418 1735 πολλῷ
450 1658 527 1715 ἔτι
557 1661 784 1735 μᾶλλον
814 1656 850 1734 ἢ
890 1661 941 1717 οἶ
973 1659 1070 1720 σοὶ
1108 1660 1196 1718 σε’·
1239 1662 1465 1717 ποιεῦσι
1499 1660 1613 1738 γῶν
1647 1657 1720 1715 τὰ
1745 1656 1814 1716 ἂν

212 1749 422 1807 ἐκεῖνος
440 1744 645 1826 οἷνῶγῃ·
673 1744 872 1827 άνῶγει
892 1747 952 1805 δὲ
975 1746 1152 1805 τῶυτό
1179 1748 1302 1816 αἰεὶ,
1331 1744 1430 1804 οὔκ
1459 1749 1560 1802 ἐῶν
1588 1743 1815 1825 φεύγειν

213 1833 376 1892 οὐδὲν
419 1834 637 1908 πλῆθος
676 1832 975 1911 ἀνθρώπων
1017 1839 1077 1892 ἐκ
1120 1833 1322 1911 μάχης,
1366 1830 1519 1890 ἀλλὰ
1550 1832 1817 1907 μένοντας

214 1928 273 1980 ἐν
317 1925 393 2000 τῇ
436 1921 588 1990 τάξει
632 1922 970 1999 ἐπικρατέειν
1010 1920 1046 1997 ἢ
1097 1920 1477 1980 ἀπόλλυσθαι.
1534 1918 1630 1976 σοὶ
1675 1918 1734 1977 δὲ
1768 1922 1817 1977 εἰ

212 2009 491 2084 φαίνομαι
505 2014 681 2068 ταῦτα
701 2010 882 2090 λέγων
907 2009 1227 2087 φλυηρέειν,
1244 2006 1432 2067 τᾶλλα
1447 2010 1617 2086 σιγᾶν
1640 2005 1814 2066 ἐθέλω

210 2097 279 2155 τὸ
304 2095 528 2167 λοιπὸν,
558 2100 653 2156 νῦν
681 2096 740 2155 δὲ
767 2097 1142 2179 ἀναγκασθεὶς
1162 2096 1343 2166 ἔλεξα·
1376 2094 1596 2177 γένοιτο
1621 2093 1812 2171 μέντοι

213 2210 357 2244 κατα
387 2183 515 2244 νόον
541 2210 643 2257 τοι,
673 2184 977 2260 βασιλεῦῖ0

291 2271 365 2331 O
392 2275 497 2349 μὲν
523 2273 591 2348 δὴ
618 2277 791 2332 ταῦτα
818 2271 1114 2351 ἀμείψατο·
1155 2273 1367 2350 Ξέρξης
1391 2272 1503 2331 δὲ’
1478 2299 1532 2335 ες
1556 2271 1775 2353 γέλωτά
1797 2273 1909 2330 105

208 2387 274 2420 τε
312 2362 524 2439 ὃρεψε,
562 2361 653 2420 καὶ
688 2389 786 2421 ουκ
821 2360 1128 2436 ἐποιήσατο
1161 2361 1336 2440 οργήν
1377 2359 1650 2437 οὐδεμίαν,
1684 2358 1815 2418 ἀλλ’

207 2448 388 2524 η’πίως
416 2474 584 2508 αυτον
604 2448 994 2526 ἀπεπέμψατο.
1048 2449 1224 2526 τούτῳ
1246 2449 1356 2507 δὲ’
1332 2474 1386 2509 ες
1412 2447 1617 2528 λόγους
1638 2446 1817 2508 ἐλθῶν

208 2537 440 2613 Ξέρξης,
487 2538 579 2595 καὶ
622 2536 874 2616 ὕπαρχον
917 2542 975 2596 ἐν
1015 2541 1092 2615 τῷ
1136 2538 1394 2614 Δορίσκῳ
1435 2534 1610 2614 τούτῳ
1652 2560 1814 2594 κατα-

210 2626 436 2701 στήσας
484 2625 812 2701 Μασκάμην
859 2624 957 2684 τὸν
1004 2622 1400 2705 Μεγαδόστεω,
1448 2622 1546 2681 τόν
1595 2622 1653 2681 δὲ
1704 2622 1816 2682 {nt-<3

209 2714 459 2790 Δαρείου
493 2713 772 2772 σταθέντα
810 2714 1187 2782 καταπαύσας,
1219 2711 1484 2786 ἐξήλαυνε
1519 2709 1617 2769 τᾶν
1646 2736 1813 2787 στρα-

118 2775 127 2782 .
205 2802 309 2861 τόν
337 2800 430 2860 Sui
464 2805 567 2876 τῆς
598 2801 840 2879 Θρηίκης
874 2801 964 2859 ἐπὶ
995 2801 1099 2875 τὴν
1134 2797 1404 2859 Ἐλλάδα.
1490 2799 1776 2856 Κατέλιπε
1796 2797 1908 2855 106

206 2891 268 2948 δὲ
312 2888 489 2966 ἄνδρα
529 2888 740 2949 τοιόνδε
791 2888 1119 2963 Μασκάμην
1165 2887 1478 2969 γενόμενον,
1519 2890 1594 2963 τῷ
1632 2885 1814 2961 μούνῳ

207 2977 423 3051 Ξέρξης
446 2976 594 3051 δῶρα
616 2977 922 3051 πέμπεσκε,
949 2974 1019 3037 ῶς
1045 2974 1393 3051 ἀριστεύοντι
1412 2973 1629 3030 πάντων
1648 2969 1816 3029 ὅσους

206 3065 534 3137 κατέστησε
571 3061 733 3125 αύτος
764 3061 800 3138 ἢ
830 3067 1064 3139 Δαρεῖος
1095 3062 1394 3139 ὖπάρχους·
1437 3058 1724 3132 πέμπεσκε
1756 3052 1816 3109 δὲ

205 3152 317 3210 α’να
345 3176 461 3209 παν
491 3150 626 3212 ἔτος·
672 3150 742 3213 ῶς
769 3152 827 3208 δὲ
856 3151 948 3208 καὶ
973 3144 1398 3225 Ἀρταξέρξης“
1368 3172 1398 3202 ο
1426 3140 1638 3216 Ξέρξεω
1662 3140 1816 3194 τοῖσι

207 3236 646 3314 Μασκαμείοισι
678 3236 977 3318 ἐκγόνοισι.
1045 3236 1401 3296 κατέστασαν
1431 3226 1542 3306 γὰρ
1569 3223 1647 3281 ἔτι
1679 3221 1815 3297 πρό·
