2100 3409
153 91 389 156 εις-ιο]
800 89 1175 142 noAmmA.
1667 95 1765 145 135

151 198 253 233 τοι
307 172 579 251 α’τρεκέως
631 173 931 242 καταλέξω·
987 174 1113 233 ἐπεί
1150 197 1214 234 τε
1256 170 1369 254 γὰρ
1408 170 1655 252 τάχιστά
1694 199 1767 235 σε

156 260 456 337 ἐπυθόμην
492 259 586 318 ἐπὶ
629 259 931 320 θάλασσαν
974 261 1385 337 καταβαίνοντα
1424 259 1529 335 τήν
1561 260 1765 337 Ἐλλη-

154 348 304 418 νίδα,
347 345 705 424 βουλόμενός
737 373 826 406 τοι
866 348 1059 408 δοῦναι
1103 353 1158 411 ἐς
1198 346 1298 408 τᾶν
1339 348 1592 424 πόλεμον
1630 348 1766 426 χρή-

153 460 333 512 ματα,
382 434 669 511 ἐξέμαθον,
721 435 812 493 καὶ
864 432 1023 512 εὗρον
1076 435 1449 516 λογιζόμενος,
1500 434 1765 515 ἀργυρίου

151 524 264 599 μὲν
291 522 401 581 δύο
420 521 681 601 χιλιάδας
721 521 920 584 ἐούσας
957 547 1057 599 μοι
1096 522 1396 596 ταλάντων,
1427 523 1665 600 χρυσίου
1704 521 1766 581 δὲ

151 612 533 687 τετρακοσίας
571 609 839 685 μυριάδας
878 609 1169 685 στατήρων
1196 614 1493 685 Δαρεικῶν,
1524 608 1766 669 ἐπιδεού-

151 723 271 759 σας
297 695 443 755 ἑπτά
469 695 782 774 χιλιαδέων.
844 696 937 755 καὶ
961 697 1220 756 τούτοισί
1241 722 1312 754 σε
1340 695 1446 775 ἐγῶ
1472 697 1761 772 δωρέομαι·

150 784 309 862 αὐτῷ
340 782 394 841 δ’
421 783 545 858 ἐμοὶ
581 780 693 843 άπδ
725 781 1084 861 ἀνδραπόδων
1117 809 1181 843 τε
1217 784 1310 842 καὶ
1334 784 1642 863 γεωπεδίων
1669 784 1763 860 ἆρ-

151 871 301 930 κέων
343 871 470 929 ἐστὶ
511 867 691 945 βίος.”
770 869 840 930 ‘0
883 873 987 947 μὲν
1025 874 1204 930 ταῦτα
1245 870 1419 950 ἔλεγε·
1462 872 1671 947 Ξέρξης
1702 871 1761 930 δὲ
1778 873 1856 930 29

148 957 361 1032 ἡσθεὶς
403 961 556 1017 τοῖσι
599 957 955 1034 εἰρημένοισι,
999 957 1144 1016 εἶπε·
1200 968 1234 994 “
1252 957 1393 1026 ξεῖνε
1439 959 1604 1027 Λυδὲ,
1651 958 1766 1037 ἐγῶ

152 1046 287 1104 ἐπεί
321 1071 389 1104 τε
430 1045 669 1120 ἐξῆλθον
706 1043 812 1119 τὴν
843 1044 1100 1120 Περσίδα
1140 1045 1341 1123 χώρην,
1385 1045 1563 1105 οὐδενὶ
1604 1045 1761 1123 α’,νδρὶ

152 1134 435 1210 συνέμιξα
473 1137 527 1195 ἐς
572 1133 712 1206 τοδε,
759 1130 916 1195 ὅστις
959 1130 1214 1208 ἦθέλησε
1259 1133 1433 1200 ξείνια
1472 1134 1758 1209 προθεῖναι

152 1221 388 1300 στρατῷ
415 1225 493 1299 τῷ
528 1224 654 1298 ἐμῷ,
684 1219 811 1279 οὐδὲ
849 1218 1008 1282 ὅστις
1047 1223 1103 1281 ἐς
1143 1218 1273 1295 ὄψιν
1298 1218 1401 1293 τήν
1429 1218 1567 1294 ἐμήν
1594 1245 1758 1279 κατα-

152 1309 302 1372 οτοῖς
343 1307 794 1389 αὐτεπάγγελτος
830 1312 886 1371 ἐς
919 1305 1020 1366 τόν
1055 1305 1309 1383 πόλεμον
1351 1306 1477 1383 ἐμοὶ
1509 1305 1759 1384 ἠθέλησε

154 1397 570 1473 συμβαλέσθαι
594 1394 871 1474 χρήματα,
893 1394 992 1464 ἔξω
1019 1397 1141 1453 σεῦ·
1184 1419 1259 1454 συ
1286 1393 1345 1453 δὲ
1373 1394 1465 1453 κἀὶ
1491 1394 1758 1463 ἐξείνισας

152 1483 420 1564 μεγάλως
466 1482 711 1560 στρατὸν
749 1480 849 1542 τὰν
891 1481 1041 1559 ε’μόν,
1088 1482 1180 1541 καὶ
1224 1481 1488 1560 χρήματα
1533 1481 1757 1563 μεγάλα

155 1574 558 1652 ἐπαγγέλλεαι.
640 1570 739 1629 σοὶ
765 1568 840 1629 ων
864 1568 971 1650 ἐγῶ
999 1569 1122 1629 ἀντὶ
1154 1568 1332 1630 αὐτῶν
1371 1570 1536 1649 γέρεα
1570 1570 1756 1630 τοιάδε

154 1658 373 1736 δίδωμι·
417 1657 617 1728 ξεῖνόν
628 1658 695 1718 τέ
716 1682 787 1717 σε
808 1682 1069 1734 ποιευμαι
1098 1655 1230 1733 ἐμόν
1257 1657 1349 1716 καὶ
1374 1656 1473 1719 τοὶς
1497 1681 1754 1732 τετρακο-

154 1746 289 1809 σίας
328 1745 599 1823 μυριάδας
639 1770 727 1806 τοι
772 1749 880 1805 τῶν
927 1744 1219 1819 στατήρων
1265 1742 1582 1818 ἀποπλήσω
1624 1742 1754 1819 παρ’

157 1837 451 1912 ἐμεωυτοῦ,
479 1832 606 1897 δσῦς
639 1832 739 1896 τοὶς
774 1830 913 1892 ἑπτὰ
947 1830 1223 1910 χιλιάδας·
1268 1830 1357 1890 ἴνα
1391 1829 1473 1906 μή
1511 1855 1599 1889 τοι
1640 1834 1755 1889 ε’πι-

232 1922 304 1985 ἐς
335 1921 477 1981 ἔωσι
499 1947 558 1981 αι
591 1918 947 1998 τετρακόσιαι
976 1917 1295 2027 μυριάδες”
1270 1916 1409 1977 emet
1440 1916 1750 1995 χιλιαδέων,

156 2008 291 2069 ἀλλ’
317 2007 356 2088 ᾖ
384 2034 475 2069 τοι
514 2007 887 2088 ἀπαρτιλογίη
924 2005 1016 2067 ὕπ’
1044 2004 1174 2082 εμέο
1200 2004 1625 2082 πεπληρωμένη·
1668 2005 1753 2063 κέ-

159 2096 340 2173 κτησό
362 2122 428 2156 τε
453 2095 619 2159 αὗτος
655 2094 728 2156 τά
767 2120 872 2171 περ
906 2093 1072 2157 αυτός
1098 2093 1358 2168 ἐκτήσαο,
1388 2091 1668 2152 ἐπίστασό
1691 2118 1754 2153 τε

159 2184 301 2245 εἶναι
329 2186 436 2244 αἰεὶ
473 2188 744 2247 τοιοῦτος·
786 2182 852 2242 οὖ
891 2181 1001 2262 γάρ
1039 2208 1129 2243 τοι
1154 2186 1329 2242 ταῦτα
1352 2183 1599 2241 ποιεῦντι
1628 2205 1752 2242 ουτε

159 2277 215 2336 ἐς
236 2272 304 2333 r&
326 2272 540 2351 παρεόν
566 2269 694 2331 οὔτε
720 2276 774 2334 ἐς
797 2270 1000 2350 χρόνον
1025 2267 1459 2346 μεταμελήσει.”

236 2364 428 2420 Ταῦτα
467 2360 526 2419 δὲ
567 2358 723 2421 εἶπας
763 2358 854 2417 καὶ
893 2360 1150 2418 ἐπιτελέα
1174 2357 1433 2432 ποιήσας,
1463 2356 1752 2435 ἐπορεύετο
1768 2359 1848 2417 30

156 2447 265 2507 ἀἰεὶ
287 2445 601 2524 τδπρόσω.
672 2444 892 2506 Ἀναυα
914 2445 976 2505 δὲ
1004 2444 1347 2520 καλεομένην
1381 2448 1611 2524 Φρυγῶν
1652 2445 1752 2504 πόα

156 2538 252 2596 λιν
289 2533 794 2612 παραμειβόμενος,
822 2532 914 2592 καὶ
946 2533 1150 2609 λίμνην
1177 2536 1236 2589 ἐκ
1269 2534 1369 2606 τῆς
1402 2531 1535 2594 ἅλες
1573 2535 1753 2611 γίνον-

156 2648 262 2693 ται,
291 2622 524 2682 ἀπίκετο
555 2626 611 2684 ἐς
636 2617 964 2689 Κολοσσὰς,
1004 2618 1175 2679 πόλιν
1214 2616 1468 2697 μεγάλην
1494 2619 1751 2697 Φρυγίης,

159 2715 216 2770 ἐν
238 2715 312 2789 τῇ
330 2708 518 2772 Λύκος
535 2707 786 2784 ποταμός
806 2712 861 2769 ἐς
884 2706 1088 2786 χάσμα
1113 2709 1218 2786 γῆς
1244 2704 1548 2781 ἐσβάλλων
1575 2704 1751 2781 ἀφαν-

158 2799 345 2869 ίζεται,
375 2797 565 2856 ἔπειτα
591 2795 682 2855 διὰ
707 2794 946 2855 σταδίων
975 2793 1044 2857 ῶς
1064 2794 1240 2853 πέντε·
1247 2791 1506 2868 μάλιστά
1531 2819 1599 2868 κη
1626 2791 1754 2851 οἴνα-

158 2885 497 2961 φαινόμενος
527 2884 730 2943 ἐκδιδοῖ
758 2882 850 2941 καὶ
874 2880 1035 2946 οὗτος
1062 2886 1118 2944 ἐς
1140 2879 1239 2940 τᾶν
1266 2881 1607 2957 Μαίανδρον.
1691 2885 1751 2937 ἐκ

157 2972 215 3033 δὲ
231 2972 587 3032 Κολοσσέων
613 2970 956 3049 ὁρμεῶμενος
975 2968 1008 3029 ὅ
1036 2993 1277 3047 στρατος
1296 2968 1389 3026 ἐπὶ
1413 2968 1540 3028 τούς
1561 2964 1754 3039 οὔρους

154 3066 264 3122 τῶν
303 3063 540 3140 Φρυγῶν
584 3060 675 3118 καὶ
714 3063 823 3120 τῶν
865 3058 1075 3126 Λυδῶν,
1118 3055 1346 3116 ἀπίκετο
1392 3060 1445 3117 ἐς
1488 3050 1753 3123 Κύδραρα

152 3148 344 3210 πόλιν·
391 3148 523 3208 ἔνθα
548 3147 735 3223 στήλη
762 3148 1198 3224 καταπεπηγυῖα,
1227 3143 1504 3200 σταθεῖσα
1545 3136 1603 3191 δὲ
1640 3132 1750 3193 υπό

152 3238 436 3316 Κροισου,
479 3232 812 3312 καταμηνύει
853 3232 946 3291 δια
986 3225 1329 3312 γραμμάτων
1374 3246 1501 3284 τους
1541 3216 1754 3295 οὔρους.
