2100 3409
183 52 478 118 loa-107]
845 54 1154 105 οΤΡΑΝῙΔ.
1699 59 1792 109 261

188 133 349 211 παρσῖ
374 131 485 213 γαρ
509 134 665 193 τοῖσι
689 130 1045 210 βαρβάροισι
1069 131 1390 212 τιμιώτεροί
1411 136 1522 195 εἶσι
1541 137 1596 196 οἶ
1616 134 1797 197 εὐνοῦ-

186 246 306 300 χοι,
333 221 558 288 πίστιος
584 220 764 280 εἵνεκα
788 223 889 296 τῆς
913 217 1119 295 πάσης,
1146 223 1257 279 τῶν
1276 221 1552 299 ἐνορχίων·
1586 222 1798 288 ἅλλους

184 333 254 369 τε
290 306 363 383 δή
388 306 423 367 ὅ
449 307 757 371 Πανιώνιος
788 306 1016 384 ἐξέταμε
1048 306 1317 377 πολλοὺς,
1346 307 1442 368 ἅτε
1472 310 1796 388 ποιεύμενος

187 398 254 455 ἐκ
277 393 480 456 τούτου
503 394 610 470 τήν
635 394 782 471 ζόην,
812 394 905 454 καὶ
930 393 999 471 δὴ
1027 395 1121 454 καὶ
1137 398 1354 455 τοῦτον·
1396 396 1489 455 καὶ
1509 395 1705 478 οὖγάρ
1722 398 1797 459 ταῖ

185 482 377 542 πάντα
420 481 718 561 ἐδυστύχεε
753 481 786 543 ὅ
826 481 1180 560 Ἑρμότιμος,
1225 482 1541 544 ἀπικνέεται
1587 489 1647 544 ἐκ
1686 489 1797 546 τῶν

187 571 442 647 Σαρδίων
481 570 635 647 παρσῖ
674 570 930 645 βασιλέα
963 568 1086 647 μετ’
1112 568 1306 630 ἄλλων
1340 569 1542 649 δώρων·
1588 572 1796 652 χρόνου

160 657 250 728 ,δὲ
278 657 587 735 προϊόντος,
614 657 834 719 πάντων
857 661 969 718 τῶν
989 656 1263 737 εὖνούχων
1284 659 1518 737 ἐτιμήθη
1537 659 1793 738 μάλιστα

184 741 345 820 παρὰ
390 744 592 824 Ξέρξῃ.
674 745 771 809 Ὡς
806 745 866 805 δὲ
900 744 967 807 rc)
1004 744 1327 823 στράτευμα
1360 745 1428 807 τὰ
1466 748 1750 824 Περσικόν
1772 749 1886 808 106

185 830 340 909 ὅρμα
379 831 412 892 ὁ
452 831 789 909 βασιλευς’
763 834 854 892 επὶ
884 859 985 897 τας
1013 831 1259 909 Ἀθήνας
1295 834 1398 895 ἐων
1441 839 1499 895 ἔν
1540 835 1792 913 Σάρδισι,

188 920 432 980 ἐνθαῦτα
470 921 725 997 καταβας
760 947 902 981 κατα
939 919 1009 997 δή
1043 946 1101 981 τι
1135 925 1403 1002 πρῆγμα
1395 949 1427 982 ο
1453 920 1792 1000 Ἑρμότιμος

187 1010 245 1069 ἐς
268 1011 379 1087 γῆν
402 1006 506 1083 τήν
526 1006 789 1119 Μυσίην,
796 1008 901 1085 τήν
919 1013 1053 1068 Χῖοι
1071 1035 1175 1086 μεν
1195 1010 1470 1086 νέμονται,
1497 1009 1794 1089 Ἀταρνευς

186 1093 249 1153 δὲ
281 1094 556 1165 καλέεται,
597 1095 842 1174 ευρίσκει
880 1096 980 1156 τὸν
1021 1097 1331 1156 Πανιώνιον
1379 1099 1633 1158 ἐνθαῦτα·
1675 1104 1790 1159 ε’πι-

184 1180 355 1264 γνούς
406 1182 468 1242 δὲ
519 1184 678 1266 ἔλεγε
728 1184 869 1262 πρᾶς
923 1182 1092 1244 αὐτὸν
1130 1183 1383 1247 πολλοῦς
1424 1184 1517 1242 καὶ
1564 1185 1790 1260 φιλίους

183 1269 413 1351 λόγους,
469 1275 662 1348 πρῶτα
713 1273 817 1349 μέν
865 1273 919 1331 οἱ
972 1270 1294 1351 καταλέγων
1345 1270 1458 1331 ὅσα
1512 1270 1675 1335 αὖτός
1719 1270 1789 1331 δι’

185 1362 399 1419 ἐκεῖνον
452 1359 571 1438 ἔχοι
624 1358 828 1440 α’γαθσῖ,
871 1358 1099 1436 δεύτερα
1147 1357 1211 1418 δέ
1255 1361 1309 1418 οἱ
1350 1357 1791 1439 ὑπισχνεύμενος

184 1442 311 1509 ἆντὶ
364 1444 573 1507 τούτων
615 1445 729 1507 ὅσα
778 1472 874 1524 μιν
923 1440 1111 1527 σῖγαθσῖ
1153 1445 1399 1522 ποιήσει,
1441 1445 1512 1522 ἣν
1556 1447 1787 1524 κομισά-

180 1558 355 1610 μενος
383 1533 514 1597 τούς
543 1534 756 1597 οἰκέτας
788 1535 939 1613 οἰκέῃ
974 1535 1172 1613 ἐκείνῃ·
1215 1533 1360 1594 ὥστε
1385 1533 1792 1612 ὖποδεξάμενον

182 1618 437 1698 ἅσμενον
482 1621 611 1684 τούς
661 1622 868 1703 λόγους
919 1620 1018 1682 τᾶν
1075 1620 1402 1691 Πανιώνιον,
1439 1623 1673 1699 κομίσαι
1717 1624 1789 1683 τοὶ

180 1710 355 1769 τέκνα
410 1710 502 1769 καὶ
553 1709 657 1786 τήν
695 1713 950 1791 γυναῖκα·
1013 1708 1085 1772 ὥς
1130 1708 1190 1767 δὲ
1233 1707 1342 1784 ἄρα
1391 1710 1648 1788 πανοικίῃ
1693 1735 1791 1786 μιν

178 1797 516 1874 περιέλαβε,
565 1799 723 1878 ἔλεγε
768 1797 801 1858 ὅ
840 1796 1177 1874 Ἑρμότιμος
1219 1794 1369 1855 τάδε·
1425 1806 1461 1830 “
1477 1794 1521 1853 ὦ
1571 1796 1791 1856 πάντων

181 1882 403 1961 ἀνδρῶν
426 1883 535 1960 ἤδη
559 1883 815 1960 μάλιστα
830 1882 925 1943 ἄπ’
942 1884 1114 1966 ἔργων
1134 1881 1519 1943 ἀνοσιωτάτων
1536 1883 1637 1943 τὸν
1656 1883 1791 1959 βίον

178 1970 520 2047 κτησάμενε,
548 1973 611 2032 τί
629 1973 700 2032 σὲ
726 1970 834 2053 ἐγώ
864 1971 1033 2031 κακὸν
1068 1970 1105 2046 ἦ
1143 1969 1308 2033 αὕτὸς
1333 1966 1370 2046 ἢ
1396 1974 1506 2029 τῶν
1532 1973 1677 2046 ε’μῶν
1708 1997 1790 2032 τις

182 2058 474 2140 ἐργάσατο
507 2059 544 2136 ἢ
587 2063 671 2134 σὲ,
709 2058 746 2136 ἦ
774 2063 883 2120 τῶν
912 2064 1030 2120 σῶν
1055 2086 1196 2130 τινα,
1241 2057 1327 2120 ὅτι
1353 2084 1426 2136 με
1452 2056 1566 2117 ἐντ’
1593 2057 1790 2134 ἀνδρός

183 2147 475 2223 ἐποίησας’
499 2146 567 2208 τό
606 2148 780 2225 μηδὲν
822 2147 984 2217 εἶναι;
1030 2147 1246 2210 ἐδόκεές
1285 2172 1347 2206 τε
1389 2144 1547 2209 θεοὺς
1593 2144 1793 2222 λήσειν

184 2235 283 2296 οἶα
333 2239 588 2313 ἐμηχανῶ
631 2235 777 2295 τότε·
837 2237 896 2294 οἵ
928 2262 997 2295 σε
1033 2235 1350 2311 ποιήσαντα
1386 2233 1606 2305 σῖνόσια,
1643 2234 1792 2314 νόμῳ

184 2323 381 2402 δικαίῳ
406 2322 727 2402 χρεώμενοι,
753 2322 1047 2405 ὑπήγαγον
1075 2330 1131 2387 ἐς
1155 2325 1324 2402 χέρας
1341 2324 1442 2386 τοῖς
1468 2323 1619 2401 ἐμοὶς,
1651 2322 1794 2383 ὥστε

183 2437 262 2472 σε
286 2410 369 2488 μὴ
394 2412 733 2489 μέμψασθαι
763 2410 867 2487 τήν
892 2411 986 2471 ἀπ’
1014 2413 1147 2488 ἐμέο
1173 2437 1261 2470 τοι
1289 2411 1563 2487 ἐσομένην
1589 2411 1792 2486 δίκην.”

187 2498 264 2561 ὥς
306 2497 370 2558 δέ
403 2501 457 2558 οἶ
490 2502 667 2560 ταῦτα
711 2498 976 2570 ὠνείδισε,
1020 2498 1299 2576 ἀχθέντων
1338 2500 1449 2556 τῶν
1488 2498 1698 2557 παίδων
1738 2502 1792 2560 ἐς

186 2585 338 2664 ὄψιν,
374 2585 714 2667 ἠναγκάζετο
756 2587 789 2647 0‘
832 2585 1139 2649 Πανιώνιος
1177 2587 1287 2645 τῶν
1328 2587 1530 2644 ἑωυτοῦ
1566 2585 1791 2656 παίδων,

185 2699 476 2751 τεσσερων
513 2674 727 2744 ἐόντων,
766 2674 836 2735 τσῖ
873 2676 1055 2734 αἰδοῖα
1091 2670 1449 2748 ἀποτάμνειν·
1493 2670 1791 2752 οἷναγκαζό·

183 2788 356 2840 μενος
383 2762 442 2820 δὲ
471 2762 651 2820 ἐποίεε
672 2765 864 2820 ταῦτα·
908 2760 1077 2820 αὐτοῦ
1098 2786 1175 2831 τε,
1198 2759 1268 2823 ὥς
1292 2763 1469 2819 ταῦτα
1496 2758 1791 2840 ἐργάσατο,

188 2852 245 2909 οἶ
271 2849 466 2910 παῖδες
502 2847 939 2929 ἀναγκαζόμενοι
972 2848 1306 2924 ἀπέταμνον·
1351 2847 1662 2908 Πανιώνιον
1690 2847 1795 2922 μέν

187 2963 289 2997 νυν
316 2934 458 2996 οὕτω
484 2937 757 3042 περιῆλθε
782 2934 819 3011 ἥ
845 2960 906 2995 τε
931 2935 1080 2997 τίσις
1108 2936 1198 2992 καὶ
1226 2935 1257 2994 ὁ
1282 2934 1638 3012 Ἑρμότιμος.

265 3024 478 3101 Ξέρξης
519 3023 578 3082 δε
612 3022 682 3086 ὥς
717 3049 845 3085 τους
884 3021 1086 3084 παῖδας
1125 3021 1452 3100 Ἀρτεμισίῃ
1486 3020 1753 3096 ἐπέτρεψε
1775 3021 1888 3080 107

187 3110 431 3193 απάγειν
459 3116 515 3173 ἐς
530 3108 806 3186 Ἔφεσον,
835 3108 1083 3170 καλέσας
1108 3108 1428 3184 Μαρδόνιον
1456 3104 1675 3164 ἐκέλευέ
1699 3131 1794 3179 μιν

185 3203 294 3276 τῆς
335 3197 605 3272 στρατιῆς
647 3196 922 3276 διαλέγειν
966 3195 1095 3257 τούς
1133 3195 1422 3269 βούλεται,
1462 3193 1551 3249 καὶ
1591 3192 1797 3248 ποιέειν

240 3280 310 3329 II.
313 3310 379 3318 —
