2100 3409
276 51 374 100 330
890 44 1261 95 ἨΡΟΔΟἝΟΤ

276 128 340 189 δὲ
377 130 493 189 πᾶν
533 125 604 188 τὰ
656 125 902 187 ἐναντίον
944 127 1049 185 τοῦ
1100 122 1600 205 προστεταγμένου
1650 122 1908 196 ἐποίεον,

277 216 462 279 ἄλλας
504 242 567 276 τε
609 213 1011 295 κατηγεόμενοί
1045 219 1158 288 σφι
1199 211 1360 276 ὄὸοὐς
1401 211 1686 293 φεύγουσι
1727 212 1788 271 αἳ
1832 213 1909 288 δή

280 307 483 382 ἔφερον
531 309 587 367 ἐς
637 303 767 365 τούς
819 302 1139 378 πολεμίους,
1199 301 1291 359 καὶ
1341 301 1511 364 τέλος
1563 299 1736 360 αὐτοί
1784 305 1906 376 σφι

281 394 530 475 ἐγίνοντο
597 391 895 452 κτείνοντες
960 387 1393 465 πολεμιώτατοι.
1477 386 1622 448 οὕτω
1689 388 1764 464 δὴ
1832 387 1904 448 τό

281 480 536 557 δεύτερον
558 478 738 553 Ἰωνίη
763 476 876 536 ‹in-6
907 478 1175 554 Περσέων
1202 476 1444 552 ἀπέστη.

190 571 304 628 105
402 568 501 626 Ἐν
544 565 604 624 δὲ
649 563 825 642 ταύτῃ
865 567 939 642 τῇ
992 562 1151 643 μάχῃ
1202 563 1495 639 Ἑλλήνων
1545 561 1904 640 ἠρίστευσαν

281 655 586 731 Ἀθηναῖοι·
661 653 754 712 καὶ
790 651 1114 727 Ἀθηναίων,
1155 650 1505 728 Ἑρμόλυκος
1544 649 1577 709 ὁ
1619 649 1900 719 Εὐθύνου,

283 742 424 820 ἀνήρ
461 740 806 823 παγκράτιον
841 738 1190 815 ἐπασκήσας·
1230 741 1430 798 τοῦτον
1460 738 1522 798 δὲ
1551 737 1653 798 τὰν
1689 738 1897 814 Ἑρμό-

282 836 455 890 λυκον
508 830 790 904 κατέλαβε
842 825 1084 903 ὕστερον
1136 825 1359 895 τούτων,
1400 825 1657 901 πολέμου
1709 826 1897 888 ἐόντος

279 917 637 993 Ἀθηναίοισί
683 941 746 976 τε
808 915 900 974 καὶ
959 915 1354 992 Καρυστίοισι,
1422 918 1480 973 ἐν
1535 913 1742 992 Κύρνῳ
1791 917 1896 988 τῆς

283 1006 608 1081 Καρυστίης
631 1003 816 1083 χώρης
855 1001 1212 1063 ἀποθανόντα
1253 1005 1311 1060 ἐν
1340 1000 1517 1079 μάχῃ,
1547 1001 1778 1060 κεῖσθαι
1803 1001 1895 1060 ἐπὶ

284 1095 587 1171 Γεραιστῷ·
628 1090 771 1167 μετὰ
807 1091 867 1151 δὲ
897 1088 1241 1164 Ἀθηναίους,
1285 1089 1578 1164 Κορίνθιοι
1605 1088 1702 1147 καὶ
1733 1094 1891 1165 Τροι-

285 1181 460 1257 ζήνιοι
486 1180 579 1239 καὶ
608 1178 895 1245 Σικυώνιοι
919 1176 1280 1254 ἠρίστευσαν.

192 1270 305 1328 106
403 1268 568 1327 Ἐπεί
626 1293 690 1327 τε
743 1267 802 1325 δὲ
855 1263 1273 1344 κατεργάσαντο
1326 1264 1381 1321 οἱ
1428 1260 1713 1340 Ἕλληνες
1762 1265 1891 1328 τοῦς

284 1357 553 1425 πολλοῦς,
573 1353 703 1416 τοῦς
720 1356 825 1430 μὲν
842 1351 1195 1430 μαχομένους
1219 1348 1352 1412 τούς
1378 1349 1439 1408 δὲ
1466 1351 1559 1408 καὶ
1578 1350 1890 1431 φεύγοντας

282 1446 393 1503 τῶν
429 1441 758 1517 βαρβάρων,
797 1439 898 1502 τὰς
937 1439 1063 1501 νέας
1104 1438 1416 1514 ἐνέπρησαν
1463 1438 1557 1496 καὶ
1598 1437 1664 1497 τό
1705 1443 1890 1517 τεῖχος

284 1527 451 1597 ἅπαν,
491 1526 596 1602 τήν
635 1527 800 1602 ληΐην
839 1523 1319 1606 προεξαγαγόντες
1361 1529 1416 1587 ἐς
1454 1523 1555 1584 τόν
1607 1526 1886 1606 αἰγιαλόν·

286 1616 379 1677 καὶ
410 1614 723 1692 θησαυρούς
755 1639 908 1677 τινας
943 1612 1244 1691 χρημάτων
1280 1609 1458 1690 εὗρον·
1501 1612 1890 1689 ἐμπρήσαντες

286 1704 347 1763 δὲ
370 1704 437 1765 τὸ
462 1707 647 1782 τεῖχος
674 1702 765 1761 καὶ
789 1701 890 1764 τοὶς
910 1702 1033 1763 νέας
1056 1700 1358 1758 ἀπέπλεον.
1407 1699 1736 1776 ἀπικόμενοι
1756 1701 1814 1759 δὲ
1833 1706 1888 1764 ἐς

288 1790 483 1869 Σάμον
502 1793 557 1850 οἱ
571 1789 865 1866 Ἕλληνες,
885 1787 1260 1865 ἐβουλεύοντο
1278 1788 1407 1864 περὶ
1426 1787 1772 1851 ’ἀναστάσιος
1787 1792 1888 1865 τῆς

284 1877 508 1955 Ἰωνίης,
535 1878 628 1938 καὶ
653 1877 765 1952 ὅπη
790 1875 959 1955 χρεὸν
995 1875 1079 1950 εἴη
1110 1878 1213 1949 τῆς
1241 1872 1521 1936 Ἑλλάδος
1556 1876 1884 1946 κατοικίσαι,

286 1970 387 2041 τῆς
424 1965 581 2026 αὐτοὶ
621 1964 909 2046 ἐγκρατέες
947 1960 1115 2037 ἦσαν·
1182 1960 1287 2036 τὴν
1326 1961 1386 2019 δὲ
1420 1959 1634 2037 Ἰωνίην
1672 1962 1886 2022 ἀπεῖναι

285 2057 439 2112 τοῖσι
462 2052 835 2130 βαρβάροισι·
877 2049 1147 2110 ἀδύνατον
1178 2048 1289 2129 γὰρ
1326 2048 1587 2124 ἐφαίνετό
1615 2057 1728 2124 σφι
1753 2050 1885 2109 εἶναι

289 2139 519 2204 ἑωυτούς
569 2165 632 2200 τε
681 2138 876 2199 Ἰώνων
927 2136 1319 2219 προκατῆσθαι
1373 2137 1751 2214 φρουρέοντας
1788 2137 1885 2198 τὸν

288 2227 470 2287 πάντα
493 2227 714 2305 χρόνον·
757 2227 849 2284 καὶ
876 2229 1087 2284 ἑωυτῶν
1109 2223 1191 2301 μὴ
1222 2225 1670 2300 προκατημένων,
1698 2223 1883 2289 Ἴωνας

289 2313 547 2388 οὐδεμίαν
574 2313 776 2371 ἐλπίδα
803 2312 956 2391 εἶχον
981 2313 1280 2390 χαίροντας
1319 2311 1464 2388 πρὸς
1485 2316 1598 2372 τῶν
1625 2314 1882 2389 Περσέων

287 2398 655 2469 ἀπαλλάξειν.
738 2399 878 2476 πρὸς
901 2403 1079 2460 ταῦτα
1110 2399 1587 2474 Πελοποννησίων
1611 2402 1717 2476 μὲν
1739 2405 1895 2468 τοῖσι,

291 2492 348 2546 ἐν
392 2489 545 2548 τέλεϊ
585 2491 742 2547 ἐοῦσι
783 2485 965 2547 ἐδόκεε
1002 2491 1114 2546 τῶν
1153 2484 1506 2562 μηδισάντων
1548 2486 1744 2547 ἐθνέων
1777 2491 1880 2548 τῶν

286 2566 634 2652 Ἑλληνικῶν
658 2575 731 2636 τὰ
759 2575 998 2652 ἐμπόρια
1040 2573 1545 2649 ἐξαναστήσαντας,
1574 2573 1762 2634 δοῦναι
1782 2575 1880 2651 τήν

286 2662 473 2739 χώρην
512 2661 676 2723 Ἴωσι
730 2666 1036 2737 ἐνοικῆσαι·
1076 2660 1429 2736 Ἀθηναίοισι
1469 2661 1529 2719 δὲ
1570 2660 1673 2720 οὐκ
1712 2661 1878 2722 ἐδόκεε

289 2747 486 2825 ἀρχὴν,
520 2748 731 2823 Ἰωνίην
763 2749 1030 2828 γενέσθαι
1066 2747 1401 2817 ἀνάστατον,
1436 2746 1561 2807 οὐδὲ
1599 2753 1877 2810 Πελοπον-

288 2835 540 2908 νησίοισι
585 2835 713 2911 περὶ
751 2839 862 2895 τῶν
904 2835 1193 2911 σφετέρων
1238 2834 1532 2895 ἀποικιέων
1577 2836 1876 2911 βουλεύειν·

288 2918 695 2980 ἀντιτεινόντων
731 2920 792 2979 δὲ
822 2921 1029 2980 τούτων
1069 2920 1385 2998 προθύμως,
1423 2922 1578 2991 εἶξαν
1616 2926 1674 2982 οἱ
1712 2927 1878 2985 Πελο·

289 3006 599 3081 ποννήσιοι·
649 3008 742 3065 καὶ
777 3006 918 3065 οὕτω
954 3007 1023 3081 δή
1062 3007 1307 3083 Σαμίους
1344 3033 1408 3067 τε
1450 3008 1544 3068 καὶ
1585 3010 1760 3074 Χίους
1790 3012 1879 3072 καὶ

289 3095 576 3167 Λεσβίους
628 3094 720 3150 καὶ
775 3091 904 3154 τοῦς
965 3092 1177 3157 ἄλλους
1238 3094 1528 3171 νησιώτας,
1585 3096 1642 3156 οἳ
1701 3099 1881 3179 ἔτυχον

292 3177 797 3254 συστρατευόμενοι
838 3181 990 3238 τοῖσι
1011 3180 1287 3258 Ἕλλησι,
1330 3186 1386 3247 ἐς
1423 3182 1491 3245 τὸ
1530 3187 1880 3268 συμμαχιῶν
