<?xml version="1.0" encoding="UTF-8"?>
<!DOCTYPE html PUBLIC "-//W3C//DTD XHTML 1.0 Transitional//EN"
    "http://www.w3.org/TR/xhtml1/DTD/xhtml1-transitional.dtd">
<html xmlns="http://www.w3.org/1999/xhtml" xml:lang="en" lang="en">
 <head>
  <title>
</title>
<meta http-equiv="Content-Type" content="text/html;charset=utf-8" />
  <meta name='ocr-system' content='tesseract 3.04.00' />
  <meta name='ocr-capabilities' content='ocr_page ocr_carea ocr_par ocr_line ocrx_word'/>
</head>
<body>
  <div class='ocr_page' id='page_1' title='image "./herodotus00unkngoog/herodotus00unkngoog_0054.png"; bbox 0 0 2100 3409; ppageno 0'>
   <div class='ocr_carea' id='block_1_1' title="bbox 285 50 1916 1177">
    <p class='ocr_par' dir='ltr' id='par_1_1' title="bbox 302 50 1622 103">
     <span class='ocr_line' id='line_1_1' title="bbox 302 50 1622 103; baseline -0.002 0"><span class='ocrx_word' id='word_1_1' title='bbox 302 54 368 103; x_wconf 79' lang='grc'>42</span> <span class='ocrx_word' id='word_1_2' title='bbox 918 50 1283 101; x_wconf 72' lang='grc' dir='ltr'>ἨΡΟΔΟΤΟΤ</span> <span class='ocrx_word' id='word_1_3' title='bbox 1617 63 1622 66; x_wconf 84' lang='grc'><strong>’</strong></span> 
     </span>
    </p>

    <p class='ocr_par' dir='ltr' id='par_1_2' title="bbox 301 127 1915 212">
     <span class='ocr_line' id='line_1_2' title="bbox 301 127 1915 212; baseline -0.001 -22"><span class='ocrx_word' id='word_1_4' title='bbox 301 133 403 207; x_wconf 82' lang='grc' dir='ltr'>τῆς</span> <span class='ocrx_word' id='word_1_5' title='bbox 428 155 692 212; x_wconf 85' lang='grc' dir='ltr'>γυναικος</span> <span class='ocrx_word' id='word_1_6' title='bbox 717 128 829 190; x_wconf 74' lang='grc' dir='ltr'>οὐδ’</span> <span class='ocrx_word' id='word_1_7' title='bbox 858 129 922 199; x_wconf 77' lang='grc' dir='ltr'>ἐξ</span> <span class='ocrx_word' id='word_1_8' title='bbox 944 127 1130 205; x_wconf 77' lang='grc' dir='ltr'>ἄλλης</span> <span class='ocrx_word' id='word_1_9' title='bbox 1147 129 1344 193; x_wconf 83' lang='grc' dir='ltr'>παῖδες</span> <span class='ocrx_word' id='word_1_10' title='bbox 1368 128 1631 210; x_wconf 77' lang='grc' dir='ltr'>ἐγίνοντο.</span> <span class='ocrx_word' id='word_1_11' title='bbox 1689 131 1915 208; x_wconf 84' lang='grc' dir='ltr'>ἐσταλη</span> 
     </span>
    </p>

    <p class='ocr_par' dir='ltr' id='par_1_3' title="bbox 300 214 1916 298">
     <span class='ocr_line' id='line_1_3' title="bbox 300 214 1916 298; baseline 0.002 -21"><span class='ocrx_word' id='word_1_12' title='bbox 300 216 375 278; x_wconf 80' lang='grc' dir='ltr'>ὦν</span> <span class='ocrx_word' id='word_1_13' title='bbox 410 223 465 281; x_wconf 84' lang='grc' dir='ltr'>ἐς</span> <span class='ocrx_word' id='word_1_14' title='bbox 496 217 761 292; x_wconf 87' lang='grc' dir='ltr'>Δελφους</span> <span class='ocrx_word' id='word_1_15' title='bbox 792 217 921 294; x_wconf 86' lang='grc' dir='ltr'>περὶ</span> <span class='ocrx_word' id='word_1_16' title='bbox 960 217 1150 298; x_wconf 85' lang='grc' dir='ltr'>γόνου·</span> <span class='ocrx_word' id='word_1_17' title='bbox 1192 215 1419 277; x_wconf 86' lang='grc' dir='ltr'>ἐσιόντα</span> <span class='ocrx_word' id='word_1_18' title='bbox 1455 214 1516 274; x_wconf 78' lang='grc' dir='ltr'>δὲ</span> <span class='ocrx_word' id='word_1_19' title='bbox 1541 214 1709 277; x_wconf 73' lang='grc' dir='ltr'>αὐτον</span> <span class='ocrx_word' id='word_1_20' title='bbox 1749 216 1916 281; x_wconf 78' lang='grc' dir='ltr'>ἰθέως</span> 
     </span>
    </p>

    <p class='ocr_par' dir='ltr' id='par_1_4' title="bbox 285 303 1613 477">
     <span class='ocr_line' id='line_1_4' title="bbox 285 303 1613 385; baseline -0.002 -19"><span class='ocrx_word' id='word_1_21' title='bbox 285 305 338 381; x_wconf 78' lang='grc' dir='ltr'>’ἦ</span> <span class='ocrx_word' id='word_1_22' title='bbox 367 306 553 380; x_wconf 84' lang='grc' dir='ltr'>Πυθίη</span> <span class='ocrx_word' id='word_1_23' title='bbox 579 303 987 385; x_wconf 78' lang='grc' dir='ltr'>προσαγορεύει</span> <span class='ocrx_word' id='word_1_24' title='bbox 1011 305 1225 365; x_wconf 89' lang='grc' dir='ltr'>τοισίδε</span> <span class='ocrx_word' id='word_1_25' title='bbox 1247 308 1403 365; x_wconf 86' lang='grc' dir='ltr'>τοῖσι</span> <span class='ocrx_word' id='word_1_26' title='bbox 1430 305 1613 364; x_wconf 81' lang='grc' dir='ltr'>ἔπεσι·</span> 
     </span>
     <span class='ocr_line' id='line_1_5' title="bbox 394 418 1418 477; baseline -0.001 -10"><span class='ocrx_word' id='word_1_27' title='bbox 394 419 610 477; x_wconf 74' lang='grc' dir='ltr'>Ἠετίων,</span> <span class='ocrx_word' id='word_1_28' title='bbox 641 421 767 468; x_wconf 77' lang='grc' dir='ltr'>οὔτις</span> <span class='ocrx_word' id='word_1_29' title='bbox 788 436 846 467; x_wconf 87' lang='grc' dir='ltr'>σε</span> <span class='ocrx_word' id='word_1_30' title='bbox 867 420 958 467; x_wconf 80' lang='grc' dir='ltr'>τίει</span> <span class='ocrx_word' id='word_1_31' title='bbox 980 421 1240 468; x_wconf 71' lang='grc' dir='ltr'>πολύτιτον</span> <span class='ocrx_word' id='word_1_32' title='bbox 1262 418 1418 477; x_wconf 81' lang='grc' dir='ltr'>ἐόντα,</span> 
     </span>
    </p>

    <p class='ocr_par' dir='ltr' id='par_1_5' title="bbox 294 489 1907 916">
     <span class='ocr_line' id='line_1_6' title="bbox 393 489 1655 553; baseline -0.002 -13"><span class='ocrx_word' id='word_1_33' title='bbox 393 491 570 553; x_wconf 80' lang='grc' dir='ltr'>Λάβδα</span> <span class='ocrx_word' id='word_1_34' title='bbox 589 492 701 549; x_wconf 80' lang='grc' dir='ltr'>κύει,</span> <span class='ocrx_word' id='word_1_35' title='bbox 727 492 854 549; x_wconf 75' lang='grc' dir='ltr'>τέξει</span> <span class='ocrx_word' id='word_1_36' title='bbox 875 489 918 539; x_wconf 84' lang='grc' dir='ltr'>δ’</span> <span class='ocrx_word' id='word_1_37' title='bbox 938 492 1259 553; x_wconf 66' lang='grc' dir='ltr'>ὀλοοίτροχον</span> <span class='ocrx_word' id='word_1_38' title='bbox 1285 492 1334 539; x_wconf 73' lang='grc' dir='ltr'>ἐν</span> <span class='ocrx_word' id='word_1_39' title='bbox 1357 491 1409 538; x_wconf 85' lang='grc' dir='ltr'>δὲ</span> <span class='ocrx_word' id='word_1_40' title='bbox 1431 489 1655 539; x_wconf 77' lang='grc' dir='ltr'>πεσεῖται</span> 
     </span>
     <span class='ocr_line' id='line_1_7' title="bbox 395 561 1555 625; baseline -0.001 -14"><span class='ocrx_word' id='word_1_41' title='bbox 395 562 593 625; x_wconf 74' lang='grc' dir='ltr'>ἀνδράσι</span> <span class='ocrx_word' id='word_1_42' title='bbox 611 562 938 625; x_wconf 75' lang='grc' dir='ltr'>μουνάρχοισι,</span> <span class='ocrx_word' id='word_1_43' title='bbox 969 564 1209 612; x_wconf 81' lang='grc' dir='ltr'>δικαιώσει</span> <span class='ocrx_word' id='word_1_44' title='bbox 1232 563 1284 610; x_wconf 84' lang='grc' dir='ltr'>δὲ</span> <span class='ocrx_word' id='word_1_45' title='bbox 1307 561 1555 623; x_wconf 87' lang='grc' dir='ltr'>Κόρινθον.</span> 
     </span>
     <span class='ocr_line' id='line_1_8' title="bbox 295 661 1907 771; baseline -0.002 -47"><span class='ocrx_word' id='word_1_46' title='bbox 295 667 471 724; x_wconf 80' lang='grc' dir='ltr'>ταῦτα</span> <span class='ocrx_word' id='word_1_47' title='bbox 499 663 822 742; x_wconf 79' lang='grc' dir='ltr'>χρησθέντα</span> <span class='ocrx_word' id='word_1_48' title='bbox 844 668 923 742; x_wconf 75' lang='grc' dir='ltr'>τῷ</span> <span class='ocrx_word' id='word_1_49' title='bbox 947 662 1203 724; x_wconf 79' lang='grc' dir='ltr'>Ἠετίωνι</span> <span class='ocrx_word' id='word_1_50' title='bbox 1229 661 1636 771; x_wconf 80' lang='grc' dir='ltr'>ἐξαγγέλλεταί</span> <span class='ocrx_word' id='word_1_51' title='bbox 1658 685 1764 725; x_wconf 83' lang='grc' dir='ltr'>κως</span> <span class='ocrx_word' id='word_1_52' title='bbox 1786 665 1907 721; x_wconf 85' lang='grc' dir='ltr'>τοῖ-</span> 
     </span>
     <span class='ocr_line' id='line_1_9' title="bbox 296 748 1902 862; baseline -0.002 -51"><span class='ocrx_word' id='word_1_53' title='bbox 296 777 361 811; x_wconf 90' lang='grc' dir='ltr'>σι</span> <span class='ocrx_word' id='word_1_54' title='bbox 409 752 776 829; x_wconf 79' lang='grc' dir='ltr'>Βακχιάδῃσι,</span> <span class='ocrx_word' id='word_1_55' title='bbox 819 754 973 811; x_wconf 83' lang='grc' dir='ltr'>τοῖσι</span> <span class='ocrx_word' id='word_1_56' title='bbox 1017 750 1086 811; x_wconf 76' lang='grc' dir='ltr'>τὸ</span> <span class='ocrx_word' id='word_1_57' title='bbox 1110 753 1257 862; x_wconf 46' lang='grc' dir='ltr'>’,μὲν</span> <span class='ocrx_word' id='word_1_58' title='bbox 1280 749 1551 827; x_wconf 84' lang='grc' dir='ltr'>πρότερον</span> <span class='ocrx_word' id='word_1_59' title='bbox 1595 748 1902 829; x_wconf 84' lang='grc' dir='ltr'>γενόμενον</span> 
     </span>
     <span class='ocr_line' id='line_1_10' title="bbox 294 836 1906 916; baseline 0.001 -20"><span class='ocrx_word' id='word_1_60' title='bbox 294 838 641 916; x_wconf 85' lang='grc' dir='ltr'>χρηστήριον</span> <span class='ocrx_word' id='word_1_61' title='bbox 684 844 740 902; x_wconf 85' lang='grc' dir='ltr'>ἐς</span> <span class='ocrx_word' id='word_1_62' title='bbox 787 838 1137 916; x_wconf 76' lang='grc' dir='ltr'>Κόρινθον’</span> <span class='ocrx_word' id='word_1_63' title='bbox 1102 864 1173 914; x_wconf 89' lang='grc' dir='ltr'>ην</span> <span class='ocrx_word' id='word_1_64' title='bbox 1220 862 1459 914; x_wconf 85' lang='grc' dir='ltr'>ασημον,</span> <span class='ocrx_word' id='word_1_65' title='bbox 1507 836 1682 912; x_wconf 80' lang='grc' dir='ltr'>φέρον</span> <span class='ocrx_word' id='word_1_66' title='bbox 1729 861 1796 895; x_wconf 88' lang='grc' dir='ltr'>τε</span> <span class='ocrx_word' id='word_1_67' title='bbox 1849 843 1906 901; x_wconf 88' lang='grc' dir='ltr'>ἐς</span> 
     </span>
    </p>

    <p class='ocr_par' dir='ltr' id='par_1_6' title="bbox 301 921 1720 1177">
     <span class='ocr_line' id='line_1_11' title="bbox 301 921 1594 1005; baseline -0.001 -21"><span class='ocrx_word' id='word_1_68' title='bbox 301 921 473 985; x_wconf 58' lang='lat' dir='ltr'>rubra</span> <span class='ocrx_word' id='word_1_69' title='bbox 500 927 593 984; x_wconf 83' lang='grc' dir='ltr'>καὶ</span> <span class='ocrx_word' id='word_1_70' title='bbox 615 952 681 986; x_wconf 89' lang='grc' dir='ltr'>το</span> <span class='ocrx_word' id='word_1_71' title='bbox 707 930 808 987; x_wconf 82' lang='grc' dir='ltr'>τοῦ</span> <span class='ocrx_word' id='word_1_72' title='bbox 833 925 1131 990; x_wconf 84' lang='grc' dir='ltr'>Ἠετίωνος</span> <span class='ocrx_word' id='word_1_73' title='bbox 1158 925 1251 985; x_wconf 86' lang='grc' dir='ltr'>καὶ</span> <span class='ocrx_word' id='word_1_74' title='bbox 1277 926 1447 1005; x_wconf 83' lang='grc' dir='ltr'>λέγον</span> <span class='ocrx_word' id='word_1_75' title='bbox 1473 921 1594 983; x_wconf 83' lang='grc' dir='ltr'>ὦδε·</span> 
     </span>
     <span class='ocr_line' id='line_1_12' title="bbox 393 1042 1420 1106; baseline -0.001 -16"><span class='ocrx_word' id='word_1_76' title='bbox 393 1044 561 1092; x_wconf 79' lang='grc' dir='ltr'>Αἱετὸς</span> <span class='ocrx_word' id='word_1_77' title='bbox 584 1044 632 1091; x_wconf 81' lang='grc' dir='ltr'>ἐν</span> <span class='ocrx_word' id='word_1_78' title='bbox 655 1043 861 1106; x_wconf 77' lang='grc' dir='ltr'>πέτρῃσι</span> <span class='ocrx_word' id='word_1_79' title='bbox 878 1045 994 1091; x_wconf 85' lang='grc' dir='ltr'>κύει·</span> <span class='ocrx_word' id='word_1_80' title='bbox 1020 1043 1148 1103; x_wconf 75' lang='grc' dir='ltr'>τέξει</span> <span class='ocrx_word' id='word_1_81' title='bbox 1170 1043 1222 1090; x_wconf 84' lang='grc' dir='ltr'>δὲ</span> <span class='ocrx_word' id='word_1_82' title='bbox 1244 1042 1420 1100; x_wconf 84' lang='grc' dir='ltr'>λέοντα</span> 
     </span>
     <span class='ocr_line' id='line_1_13' title="bbox 391 1112 1720 1177; baseline -0.002 -15"><span class='ocrx_word' id='word_1_83' title='bbox 391 1116 632 1177; x_wconf 76' lang='grc' dir='ltr'>καρτερὸν,</span> <span class='ocrx_word' id='word_1_84' title='bbox 662 1116 906 1175; x_wconf 80' lang='grc' dir='ltr'>ὠμηστήν·</span> <span class='ocrx_word' id='word_1_85' title='bbox 933 1115 1132 1162; x_wconf 79' lang='grc' dir='ltr'>πολλῶν</span> <span class='ocrx_word' id='word_1_86' title='bbox 1153 1112 1197 1162; x_wconf 80' lang='grc' dir='ltr'>δ’</span> <span class='ocrx_word' id='word_1_87' title='bbox 1216 1114 1308 1161; x_wconf 77' lang='grc' dir='ltr'>ὑπὸ</span> <span class='ocrx_word' id='word_1_88' title='bbox 1329 1115 1545 1175; x_wconf 80' lang='grc' dir='ltr'>γούνατα</span> <span class='ocrx_word' id='word_1_89' title='bbox 1564 1113 1720 1160; x_wconf 84' lang='grc' dir='ltr'>λύσει·</span> 
     </span>
    </p>
   </div>
   <div class='ocr_carea' id='block_1_2' title="bbox 390 1184 1678 1319">
    <p class='ocr_par' dir='ltr' id='par_1_7' title="bbox 390 1184 1678 1319">
     <span class='ocr_line' id='line_1_14' title="bbox 390 1184 1678 1248; baseline -0.002 -16"><span class='ocrx_word' id='word_1_90' title='bbox 390 1187 548 1234; x_wconf 83' lang='grc' dir='ltr'>ταῦτά</span> <span class='ocrx_word' id='word_1_91' title='bbox 569 1204 649 1236; x_wconf 86' lang='grc' dir='ltr'>νυν</span> <span class='ocrx_word' id='word_1_92' title='bbox 673 1189 724 1233; x_wconf 83' lang='grc' dir='ltr'>εὖ</span> <span class='ocrx_word' id='word_1_93' title='bbox 747 1187 1006 1248; x_wconf 73' lang='grc' dir='ltr'>φράζεσθε,</span> <span class='ocrx_word' id='word_1_94' title='bbox 1038 1186 1297 1247; x_wconf 75' lang='grc' dir='ltr'>Κορίνθιοι,</span> <span class='ocrx_word' id='word_1_95' title='bbox 1327 1185 1371 1232; x_wconf 76' lang='lat' dir='ltr'>ot</span> <span class='ocrx_word' id='word_1_96' title='bbox 1394 1185 1502 1245; x_wconf 83' lang='grc' dir='ltr'>περὶ</span> <span class='ocrx_word' id='word_1_97' title='bbox 1525 1184 1678 1242; x_wconf 78' lang='grc' dir='ltr'>καλὴν</span> 
     </span>
     <span class='ocr_line' id='line_1_15' title="bbox 390 1255 1478 1319; baseline -0.001 -15"><span class='ocrx_word' id='word_1_98' title='bbox 390 1259 623 1319; x_wconf 81' lang='grc' dir='ltr'>Πειρήνην</span> <span class='ocrx_word' id='word_1_99' title='bbox 647 1260 819 1305; x_wconf 80' lang='grc' dir='ltr'>οἰκεῖτε</span> <span class='ocrx_word' id='word_1_100' title='bbox 844 1258 924 1306; x_wconf 83' lang='grc' dir='ltr'>καὶ</span> <span class='ocrx_word' id='word_1_101' title='bbox 947 1256 1210 1319; x_wconf 83' lang='grc' dir='ltr'>ὀφρυόεντα</span> <span class='ocrx_word' id='word_1_102' title='bbox 1234 1255 1478 1318; x_wconf 87' lang='grc' dir='ltr'>Κόρινθον.</span> 
     </span>
    </p>
   </div>
   <div class='ocr_carea' id='block_1_3' title="bbox 283 1348 1900 3266">
    <p class='ocr_par' dir='ltr' id='par_1_8' title="bbox 283 1348 1900 3266">
     <span class='ocr_line' id='line_1_16' title="bbox 290 1348 1900 1460; baseline 0 -49"><span class='ocrx_word' id='word_1_103' title='bbox 290 1356 456 1411; x_wconf 77' lang='grc' dir='ltr'>τοῦτο</span> <span class='ocrx_word' id='word_1_104' title='bbox 487 1355 590 1427; x_wconf 83' lang='grc' dir='ltr'>μὲν</span> <span class='ocrx_word' id='word_1_105' title='bbox 615 1352 683 1428; x_wconf 78' lang='grc' dir='ltr'>δὴ</span> <span class='ocrx_word' id='word_1_106' title='bbox 712 1356 866 1411; x_wconf 82' lang='grc' dir='ltr'>τοῖσι</span> <span class='ocrx_word' id='word_1_107' title='bbox 860 1351 1250 1460; x_wconf 81' lang='grc' dir='ltr'>Βακχιάδῃσι</span> <span class='ocrx_word' id='word_1_108' title='bbox 1289 1351 1559 1429; x_wconf 89' lang='grc' dir='ltr'>πρότερον</span> <span class='ocrx_word' id='word_1_109' title='bbox 1592 1348 1900 1458; x_wconf 80' lang='grc' dir='ltr'>γενόμενον</span> 
     </span>
     <span class='ocr_line' id='line_1_17' title="bbox 295 1436 1899 1520; baseline 0.002 -21"><span class='ocrx_word' id='word_1_110' title='bbox 295 1437 366 1514; x_wconf 86' lang='grc' dir='ltr'>ἦν</span> <span class='ocrx_word' id='word_1_111' title='bbox 407 1439 767 1515; x_wconf 77' lang='grc' dir='ltr'>ἀτέκμαρτον·</span> <span class='ocrx_word' id='word_1_112' title='bbox 809 1437 937 1499; x_wconf 88' lang='grc' dir='ltr'>τότε</span> <span class='ocrx_word' id='word_1_113' title='bbox 980 1438 1057 1507; x_wconf 82' lang='grc' dir='ltr'>δὲ,</span> <span class='ocrx_word' id='word_1_114' title='bbox 1095 1438 1161 1498; x_wconf 83' lang='grc' dir='ltr'><em>τό</em></span> <span class='ocrx_word' id='word_1_115' title='bbox 1195 1439 1450 1500; x_wconf 77' lang='grc' dir='ltr'>Ἠετίωνι</span> <span class='ocrx_word' id='word_1_116' title='bbox 1480 1436 1781 1520; x_wconf 83' lang='grc' dir='ltr'>γενόμενον</span> <span class='ocrx_word' id='word_1_117' title='bbox 1826 1438 1899 1502; x_wconf 77' lang='grc' dir='ltr'>ὦς</span> 
     </span>
     <span class='ocr_line' id='line_1_18' title="bbox 292 1523 1896 1604; baseline 0 -19"><span class='ocrx_word' id='word_1_118' title='bbox 292 1527 577 1595; x_wconf 85' lang='grc' dir='ltr'>ἐπύθοντο,</span> <span class='ocrx_word' id='word_1_119' title='bbox 607 1523 802 1585; x_wconf 86' lang='grc' dir='ltr'>αυτίκα</span> <span class='ocrx_word' id='word_1_120' title='bbox 830 1527 922 1586; x_wconf 83' lang='grc' dir='ltr'>καὶ</span> <span class='ocrx_word' id='word_1_121' title='bbox 947 1526 1013 1586; x_wconf 82' lang='grc' dir='ltr'>τὸ</span> <span class='ocrx_word' id='word_1_122' title='bbox 1041 1527 1312 1604; x_wconf 90' lang='grc' dir='ltr'>πρότερον</span> <span class='ocrx_word' id='word_1_123' title='bbox 1340 1531 1588 1602; x_wconf 80' lang='grc' dir='ltr'>συνῆκαν</span> <span class='ocrx_word' id='word_1_124' title='bbox 1631 1525 1723 1585; x_wconf 83' lang='grc' dir='ltr'>ἐον</span> <span class='ocrx_word' id='word_1_125' title='bbox 1760 1551 1896 1585; x_wconf 86' lang='grc' dir='ltr'>συν-</span> 
     </span>
     <span class='ocr_line' id='line_1_19' title="bbox 290 1612 1894 1693; baseline 0 -19"><span class='ocrx_word' id='word_1_126' title='bbox 290 1614 431 1693; x_wconf 79' lang='grc' dir='ltr'>ῳδὸν</span> <span class='ocrx_word' id='word_1_127' title='bbox 465 1619 541 1693; x_wconf 75' lang='grc' dir='ltr'>τῷ</span> <span class='ocrx_word' id='word_1_128' title='bbox 579 1614 888 1678; x_wconf 84' lang='grc' dir='ltr'>Ἠετίωνος·</span> <span class='ocrx_word' id='word_1_129' title='bbox 932 1616 1188 1677; x_wconf 83' lang='grc' dir='ltr'>συνέντες</span> <span class='ocrx_word' id='word_1_130' title='bbox 1218 1615 1277 1674; x_wconf 75' lang='grc' dir='ltr'>δὲ</span> <span class='ocrx_word' id='word_1_131' title='bbox 1304 1614 1397 1673; x_wconf 86' lang='grc' dir='ltr'>καὶ</span> <span class='ocrx_word' id='word_1_132' title='bbox 1421 1618 1604 1683; x_wconf 80' lang='grc' dir='ltr'>τοῦτο,</span> <span class='ocrx_word' id='word_1_133' title='bbox 1634 1612 1790 1693; x_wconf 79' lang='grc' dir='ltr'>εἶχον</span> <span class='ocrx_word' id='word_1_134' title='bbox 1831 1618 1894 1674; x_wconf 88' lang='grc' dir='ltr'>ἐν</span> 
     </span>
     <span class='ocr_line' id='line_1_20' title="bbox 289 1700 1895 1782; baseline -0.001 -20"><span class='ocrx_word' id='word_1_135' title='bbox 289 1702 516 1782; x_wconf 80' lang='grc' dir='ltr'>ἡσυχίῃ,</span> <span class='ocrx_word' id='word_1_136' title='bbox 547 1703 831 1765; x_wconf 85' lang='grc' dir='ltr'>ἐθέλοντες</span> <span class='ocrx_word' id='word_1_137' title='bbox 872 1701 971 1762; x_wconf 74' lang='grc' dir='ltr'>τὸν</span> <span class='ocrx_word' id='word_1_138' title='bbox 1010 1704 1302 1779; x_wconf 83' lang='grc' dir='ltr'>μέλλοντα</span> <span class='ocrx_word' id='word_1_139' title='bbox 1338 1700 1593 1762; x_wconf 86' lang='grc' dir='ltr'>Ἠετίωνι</span> <span class='ocrx_word' id='word_1_140' title='bbox 1625 1701 1895 1781; x_wconf 87' lang='grc' dir='ltr'>γενέσθαι</span> 
     </span>
     <span class='ocr_line' id='line_1_21' title="bbox 286 1787 1891 1870; baseline -0.002 -20"><span class='ocrx_word' id='word_1_141' title='bbox 286 1790 455 1870; x_wconf 86' lang='grc' dir='ltr'>γόνον</span> <span class='ocrx_word' id='word_1_142' title='bbox 498 1790 829 1868; x_wconf 85' lang='grc' dir='ltr'>διαφθεῖραι.</span> <span class='ocrx_word' id='word_1_143' title='bbox 918 1790 990 1854; x_wconf 76' lang='grc' dir='ltr'>ὥς</span> <span class='ocrx_word' id='word_1_144' title='bbox 1043 1789 1090 1848; x_wconf 85' lang='grc' dir='ltr'>δ’</span> <span class='ocrx_word' id='word_1_145' title='bbox 1134 1790 1282 1850; x_wconf 80' lang='grc' dir='ltr'>ἔτεκε</span> <span class='ocrx_word' id='word_1_146' title='bbox 1335 1787 1373 1865; x_wconf 79' lang='grc' dir='ltr'><em>ἦ</em></span> <span class='ocrx_word' id='word_1_147' title='bbox 1427 1788 1567 1870; x_wconf 78' lang='grc' dir='ltr'>γυνὴ</span> <span class='ocrx_word' id='word_1_148' title='bbox 1620 1787 1891 1866; x_wconf 81' lang='grc' dir='ltr'>τάχιστα,</span> 
     </span>
     <span class='ocr_line' id='line_1_22' title="bbox 291 1876 1895 1955; baseline -0.001 -19"><span class='ocrx_word' id='word_1_149' title='bbox 291 1879 578 1955; x_wconf 86' lang='grc' dir='ltr'>πέμπουσι</span> <span class='ocrx_word' id='word_1_150' title='bbox 622 1880 815 1955; x_wconf 83' lang='grc' dir='ltr'>σφέων</span> <span class='ocrx_word' id='word_1_151' title='bbox 858 1877 1040 1938; x_wconf 70' lang='grc' dir='ltr'>αὐτῶν</span> <span class='ocrx_word' id='word_1_152' title='bbox 1083 1877 1215 1938; x_wconf 83' lang='grc' dir='ltr'>δέκα</span> <span class='ocrx_word' id='word_1_153' title='bbox 1258 1880 1315 1941; x_wconf 84' lang='grc' dir='ltr'>ἐς</span> <span class='ocrx_word' id='word_1_154' title='bbox 1333 1876 1453 1946; x_wconf 74' lang='grc' dir='ltr'>,τὸν</span> <span class='ocrx_word' id='word_1_155' title='bbox 1496 1876 1671 1953; x_wconf 80' lang='grc' dir='ltr'>δῆμον</span> <span class='ocrx_word' id='word_1_156' title='bbox 1713 1879 1773 1936; x_wconf 80' lang='grc' dir='ltr'>ἐν</span> <span class='ocrx_word' id='word_1_157' title='bbox 1811 1884 1895 1955; x_wconf 71' lang='grc' dir='ltr'>τῷ</span> 
     </span>
     <span class='ocr_line' id='line_1_23' title="bbox 288 1962 1892 2042; baseline -0.001 -19"><span class='ocrx_word' id='word_1_158' title='bbox 288 1967 582 2042; x_wconf 86' lang='grc' dir='ltr'>κατοίκητο</span> <span class='ocrx_word' id='word_1_159' title='bbox 612 1964 865 2036; x_wconf 86' lang='grc' dir='ltr'>Ἠετίων,</span> <span class='ocrx_word' id='word_1_160' title='bbox 902 1964 1333 2029; x_wconf 79' lang='grc' dir='ltr'>ἀποκτενέοντας</span> <span class='ocrx_word' id='word_1_161' title='bbox 1371 1964 1439 2024; x_wconf 74' lang='grc' dir='ltr'>τὰ</span> <span class='ocrx_word' id='word_1_162' title='bbox 1482 1963 1721 2024; x_wconf 80' lang='grc' dir='ltr'>παιδίον·</span> <span class='ocrx_word' id='word_1_163' title='bbox 1763 1962 1892 2024; x_wconf 67' lang='grc' dir='ltr'>αἶπι-</span> 
     </span>
     <span class='ocr_line' id='line_1_24' title="bbox 289 2050 1892 2129; baseline 0.004 -20"><span class='ocrx_word' id='word_1_164' title='bbox 289 2052 511 2127; x_wconf 87' lang='grc' dir='ltr'>κόμενοι</span> <span class='ocrx_word' id='word_1_165' title='bbox 538 2053 597 2112; x_wconf 86' lang='grc' dir='ltr'>δὲ</span> <span class='ocrx_word' id='word_1_166' title='bbox 625 2050 778 2111; x_wconf 83' lang='grc' dir='ltr'>οὗτοι</span> <span class='ocrx_word' id='word_1_167' title='bbox 812 2056 868 2115; x_wconf 88' lang='grc' dir='ltr'>ἐς</span> <span class='ocrx_word' id='word_1_168' title='bbox 897 2051 1001 2126; x_wconf 76' lang='grc' dir='ltr'>τὴν</span> <span class='ocrx_word' id='word_1_169' title='bbox 1028 2053 1272 2129; x_wconf 85' lang='grc' dir='ltr'>Πέτρην,</span> <span class='ocrx_word' id='word_1_170' title='bbox 1304 2052 1396 2111; x_wconf 86' lang='grc' dir='ltr'>καὶ</span> <span class='ocrx_word' id='word_1_171' title='bbox 1419 2050 1793 2128; x_wconf 84' lang='grc' dir='ltr'>παρελθόντες</span> <span class='ocrx_word' id='word_1_172' title='bbox 1831 2056 1892 2115; x_wconf 87' lang='grc' dir='ltr'>ἐς</span> 
     </span>
     <span class='ocr_line' id='line_1_25' title="bbox 285 2138 1892 2215; baseline 0 -16"><span class='ocrx_word' id='word_1_173' title='bbox 285 2138 390 2214; x_wconf 68' lang='grc' dir='ltr'>τήν</span> <span class='ocrx_word' id='word_1_174' title='bbox 431 2139 610 2214; x_wconf 77' lang='grc' dir='ltr'>αὐλὴν</span> <span class='ocrx_word' id='word_1_175' title='bbox 651 2142 751 2198; x_wconf 80' lang='grc' dir='ltr'>τοῦ</span> <span class='ocrx_word' id='word_1_176' title='bbox 792 2138 1106 2210; x_wconf 83' lang='grc' dir='ltr'>Ἠετίωνος,</span> <span class='ocrx_word' id='word_1_177' title='bbox 1148 2140 1333 2201; x_wconf 81' lang='grc' dir='ltr'>αἴτεον</span> <span class='ocrx_word' id='word_1_178' title='bbox 1373 2139 1440 2200; x_wconf 75' lang='grc' dir='ltr'>τὰ</span> <span class='ocrx_word' id='word_1_179' title='bbox 1474 2138 1716 2200; x_wconf 80' lang='grc' dir='ltr'>παιδίον·</span> <span class='ocrx_word' id='word_1_180' title='bbox 1757 2139 1796 2215; x_wconf 82' lang='grc' dir='ltr'><em>ἦ</em></span> <span class='ocrx_word' id='word_1_181' title='bbox 1827 2138 1892 2199; x_wconf 78' lang='grc' dir='ltr'>δὲ</span> 
     </span>
     <span class='ocr_line' id='line_1_26' title="bbox 288 2225 1891 2303; baseline 0.001 -19"><span class='ocrx_word' id='word_1_182' title='bbox 288 2226 512 2303; x_wconf 80' lang='grc' dir='ltr'>Λάβδα,</span> <span class='ocrx_word' id='word_1_183' title='bbox 541 2225 714 2285; x_wconf 81' lang='grc' dir='ltr'>εἰδυῖά</span> <span class='ocrx_word' id='word_1_184' title='bbox 738 2251 801 2286; x_wconf 91' lang='grc' dir='ltr'>τε</span> <span class='ocrx_word' id='word_1_185' title='bbox 828 2225 984 2287; x_wconf 74' lang='grc' dir='ltr'>οὐδὲν</span> <span class='ocrx_word' id='word_1_186' title='bbox 1008 2231 1121 2288; x_wconf 78' lang='grc' dir='ltr'>τῶν</span> <span class='ocrx_word' id='word_1_187' title='bbox 1148 2228 1330 2288; x_wconf 76' lang='grc' dir='ltr'>εἵνεκα</span> <span class='ocrx_word' id='word_1_188' title='bbox 1355 2231 1551 2288; x_wconf 83' lang='grc' dir='ltr'>ἐκεῖνοι</span> <span class='ocrx_word' id='word_1_189' title='bbox 1590 2226 1891 2286; x_wconf 75' lang='grc' dir='ltr'>ἀπικοίατο</span> 
     </span>
     <span class='ocr_line' id='line_1_27' title="bbox 287 2312 1889 2393; baseline 0.002 -22"><span class='ocrx_word' id='word_1_190' title='bbox 287 2314 380 2371; x_wconf 85' lang='grc' dir='ltr'>καὶ</span> <span class='ocrx_word' id='word_1_191' title='bbox 406 2312 679 2373; x_wconf 78' lang='grc' dir='ltr'>δοκέουσά</span> <span class='ocrx_word' id='word_1_192' title='bbox 706 2320 890 2390; x_wconf 89' lang='grc' dir='ltr'>σφεας</span> <span class='ocrx_word' id='word_1_193' title='bbox 918 2316 1351 2393; x_wconf 78' lang='grc' dir='ltr'>φιλοφροσύνης</span> <span class='ocrx_word' id='word_1_194' title='bbox 1391 2319 1491 2375; x_wconf 82' lang='grc' dir='ltr'>τοῦ</span> <span class='ocrx_word' id='word_1_195' title='bbox 1533 2313 1746 2391; x_wconf 76' lang='grc' dir='ltr'>πατρᾶς</span> <span class='ocrx_word' id='word_1_196' title='bbox 1782 2313 1889 2374; x_wconf 80' lang='grc' dir='ltr'>εἵν-</span> 
     </span>
     <span class='ocr_line' id='line_1_28' title="bbox 287 2400 1890 2482; baseline 0.001 -24"><span class='ocrx_word' id='word_1_197' title='bbox 287 2425 386 2459; x_wconf 87' lang='grc' dir='ltr'>εκα</span> <span class='ocrx_word' id='word_1_198' title='bbox 411 2401 626 2471; x_wconf 82' lang='grc' dir='ltr'>αἰτέειν,</span> <span class='ocrx_word' id='word_1_199' title='bbox 647 2401 914 2478; x_wconf 83' lang='grc' dir='ltr'>’φέρουσα</span> <span class='ocrx_word' id='word_1_200' title='bbox 950 2404 1251 2482; x_wconf 80' lang='grc' dir='ltr'>ἐνεχείρισε</span> <span class='ocrx_word' id='word_1_201' title='bbox 1292 2402 1472 2463; x_wconf 70' lang='grc' dir='ltr'>αὐτῶν</span> <span class='ocrx_word' id='word_1_202' title='bbox 1510 2403 1605 2462; x_wconf 81' lang='grc' dir='ltr'>ἑνί·</span> <span class='ocrx_word' id='word_1_203' title='bbox 1646 2405 1801 2460; x_wconf 83' lang='grc' dir='ltr'>τοῖσι</span> <span class='ocrx_word' id='word_1_204' title='bbox 1826 2400 1890 2462; x_wconf 79' lang='grc' dir='ltr'>δὲ</span> 
     </span>
     <span class='ocr_line' id='line_1_29' title="bbox 283 2485 1889 2567; baseline 0.001 -21"><span class='ocrx_word' id='word_1_205' title='bbox 283 2485 401 2563; x_wconf 75' lang='grc' dir='ltr'>ἄρα</span> <span class='ocrx_word' id='word_1_206' title='bbox 432 2489 813 2564; x_wconf 82' lang='grc' dir='ltr'>ἐβεβούλευτο</span> <span class='ocrx_word' id='word_1_207' title='bbox 851 2488 967 2548; x_wconf 85' lang='grc' dir='ltr'>κατ’</span> <span class='ocrx_word' id='word_1_208' title='bbox 995 2489 1141 2563; x_wconf 81' lang='grc' dir='ltr'>ὁδόν,</span> <span class='ocrx_word' id='word_1_209' title='bbox 1171 2490 1271 2550; x_wconf 76' lang='grc' dir='ltr'>τὸν</span> <span class='ocrx_word' id='word_1_210' title='bbox 1312 2495 1533 2567; x_wconf 80' lang='grc' dir='ltr'>πρῶτον</span> <span class='ocrx_word' id='word_1_211' title='bbox 1568 2487 1745 2548; x_wconf 74' lang='grc' dir='ltr'>αὐτῶν</span> <span class='ocrx_word' id='word_1_212' title='bbox 1784 2491 1889 2548; x_wconf 86' lang='grc' dir='ltr'>λα-</span> 
     </span>
     <span class='ocr_line' id='line_1_30' title="bbox 284 2574 1891 2654; baseline 0.001 -20"><span class='ocrx_word' id='word_1_213' title='bbox 284 2574 467 2650; x_wconf 87' lang='grc' dir='ltr'>βόντα</span> <span class='ocrx_word' id='word_1_214' title='bbox 509 2575 576 2637; x_wconf 64' lang='lat' dir='ltr'>r&amp;</span> <span class='ocrx_word' id='word_1_215' title='bbox 617 2577 839 2637; x_wconf 87' lang='grc' dir='ltr'>παιδίον</span> <span class='ocrx_word' id='word_1_216' title='bbox 882 2577 1277 2654; x_wconf 87' lang='grc' dir='ltr'>προσουδίσαι·</span> <span class='ocrx_word' id='word_1_217' title='bbox 1335 2579 1457 2636; x_wconf 88' lang='grc' dir='ltr'>ἐπεί</span> <span class='ocrx_word' id='word_1_218' title='bbox 1497 2602 1560 2636; x_wconf 88' lang='grc' dir='ltr'>τε</span> <span class='ocrx_word' id='word_1_219' title='bbox 1606 2575 1680 2637; x_wconf 77' lang='grc' dir='ltr'>ὧν</span> <span class='ocrx_word' id='word_1_220' title='bbox 1723 2576 1891 2637; x_wconf 76' lang='grc' dir='ltr'>ἔδωκε</span> 
     </span>
     <span class='ocr_line' id='line_1_31' title="bbox 286 2662 1890 2743; baseline 0 -21"><span class='ocrx_word' id='word_1_221' title='bbox 286 2662 543 2739; x_wconf 90' lang='grc' dir='ltr'>φέρουσα</span> <span class='ocrx_word' id='word_1_222' title='bbox 582 2663 620 2739; x_wconf 83' lang='grc' dir='ltr'><em>ἦ</em></span> <span class='ocrx_word' id='word_1_223' title='bbox 657 2664 881 2740; x_wconf 79' lang='grc' dir='ltr'>Λάβδα,</span> <span class='ocrx_word' id='word_1_224' title='bbox 923 2663 1025 2724; x_wconf 77' lang='grc' dir='ltr'>τᾶν</span> <span class='ocrx_word' id='word_1_225' title='bbox 1066 2665 1326 2741; x_wconf 88' lang='grc' dir='ltr'>λαβόντα</span> <span class='ocrx_word' id='word_1_226' title='bbox 1366 2670 1475 2725; x_wconf 79' lang='grc' dir='ltr'>τῶν</span> <span class='ocrx_word' id='word_1_227' title='bbox 1515 2664 1728 2742; x_wconf 75' lang='grc' dir='ltr'>ἀνδρῶν</span> <span class='ocrx_word' id='word_1_228' title='bbox 1765 2665 1890 2743; x_wconf 82' lang='grc' dir='ltr'>θείῃ</span> 
     </span>
     <span class='ocr_line' id='line_1_32' title="bbox 285 2750 1891 2831; baseline 0.002 -23"><span class='ocrx_word' id='word_1_229' title='bbox 285 2750 427 2829; x_wconf 83' lang='grc' dir='ltr'>τύχῃ</span> <span class='ocrx_word' id='word_1_230' title='bbox 466 2752 862 2831; x_wconf 79' lang='grc' dir='ltr'>προσεγέλασε</span> <span class='ocrx_word' id='word_1_231' title='bbox 901 2751 968 2811; x_wconf 73' lang='grc' dir='ltr'>τὰ</span> <span class='ocrx_word' id='word_1_232' title='bbox 1003 2752 1242 2812; x_wconf 83' lang='grc' dir='ltr'>παιδίον·</span> <span class='ocrx_word' id='word_1_233' title='bbox 1288 2755 1378 2812; x_wconf 84' lang='grc' dir='ltr'>καὶ</span> <span class='ocrx_word' id='word_1_234' title='bbox 1410 2753 1525 2822; x_wconf 75' lang='grc' dir='ltr'>τᾶν,</span> <span class='ocrx_word' id='word_1_235' title='bbox 1557 2754 1891 2828; x_wconf 82' lang='grc' dir='ltr'>φρασθέντα</span> 
     </span>
     <span class='ocr_line' id='line_1_33' title="bbox 285 2835 1890 2918; baseline 0.001 -22"><span class='ocrx_word' id='word_1_236' title='bbox 285 2841 468 2907; x_wconf 84' lang='grc' dir='ltr'>τοῦτο,</span> <span class='ocrx_word' id='word_1_237' title='bbox 499 2835 679 2900; x_wconf 85' lang='grc' dir='ltr'>οἶκτός</span> <span class='ocrx_word' id='word_1_238' title='bbox 719 2864 803 2901; x_wconf 87' lang='grc' dir='ltr'>τις</span> <span class='ocrx_word' id='word_1_239' title='bbox 830 2840 995 2918; x_wconf 79' lang='grc' dir='ltr'>’ἴσχει</span> <span class='ocrx_word' id='word_1_240' title='bbox 1027 2838 1366 2899; x_wconf 72' lang='grc' dir='ltr'>ἀποκτεῖναι·</span> <span class='ocrx_word' id='word_1_241' title='bbox 1412 2841 1787 2917; x_wconf 87' lang='grc' dir='ltr'>κατοικτείρας</span> <span class='ocrx_word' id='word_1_242' title='bbox 1830 2840 1890 2898; x_wconf 86' lang='grc' dir='ltr'>δὲ</span> 
     </span>
     <span class='ocr_line' id='line_1_34' title="bbox 285 2924 1889 3006; baseline 0.002 -25"><span class='ocrx_word' id='word_1_243' title='bbox 285 2924 582 3000; x_wconf 85' lang='grc' dir='ltr'>παραδιδοῖ</span> <span class='ocrx_word' id='word_1_244' title='bbox 618 2929 694 3003; x_wconf 74' lang='grc' dir='ltr'>τῷ</span> <span class='ocrx_word' id='word_1_245' title='bbox 734 2925 980 3005; x_wconf 75' lang='grc' dir='ltr'>δευτέρῳ·</span> <span class='ocrx_word' id='word_1_246' title='bbox 1024 2926 1057 2987; x_wconf 79' lang='grc' dir='ltr'><em>ὅ</em></span> <span class='ocrx_word' id='word_1_247' title='bbox 1102 2927 1176 2996; x_wconf 79' lang='grc' dir='ltr'>δὲ,</span> <span class='ocrx_word' id='word_1_248' title='bbox 1205 2932 1281 3006; x_wconf 74' lang='grc' dir='ltr'>τῷ</span> <span class='ocrx_word' id='word_1_249' title='bbox 1305 2929 1487 3006; x_wconf 81' lang='grc' dir='ltr'>τρίτῳ·</span> <span class='ocrx_word' id='word_1_250' title='bbox 1532 2926 1679 2986; x_wconf 77' lang='grc' dir='ltr'>οὕτω</span> <span class='ocrx_word' id='word_1_251' title='bbox 1708 2927 1776 3002; x_wconf 73' lang='grc' dir='ltr'>δὴ</span> <span class='ocrx_word' id='word_1_252' title='bbox 1812 2927 1889 2985; x_wconf 87' lang='grc' dir='ltr'>δι·-</span> 
     </span>
     <span class='ocr_line' id='line_1_35' title="bbox 286 3010 1892 3093; baseline 0.002 -23"><span class='ocrx_word' id='word_1_253' title='bbox 286 3012 487 3087; x_wconf 81' lang='grc' dir='ltr'>εξῆλθε</span> <span class='ocrx_word' id='word_1_254' title='bbox 517 3012 604 3071; x_wconf 70' lang='grc' dir='ltr'>διὰ</span> <span class='ocrx_word' id='word_1_255' title='bbox 631 3010 850 3072; x_wconf 82' lang='grc' dir='ltr'>πάντων</span> <span class='ocrx_word' id='word_1_256' title='bbox 875 3019 984 3093; x_wconf 82' lang='grc' dir='ltr'>τῶν</span> <span class='ocrx_word' id='word_1_257' title='bbox 1012 3014 1144 3072; x_wconf 90' lang='grc' dir='ltr'>δέκα</span> <span class='ocrx_word' id='word_1_258' title='bbox 1169 3014 1626 3092; x_wconf 86' lang='grc' dir='ltr'>παραδιδόμενον,</span> <span class='ocrx_word' id='word_1_259' title='bbox 1667 3013 1892 3077; x_wconf 78' lang='grc' dir='ltr'>οὖδενός</span> 
     </span>
     <span class='ocr_line' id='line_1_36' title="bbox 285 3099 1891 3180; baseline 0 -21"><span class='ocrx_word' id='word_1_260' title='bbox 285 3101 640 3178; x_wconf 82' lang='grc' dir='ltr'>βουλομένου</span> <span class='ocrx_word' id='word_1_261' title='bbox 666 3099 1092 3180; x_wconf 80' lang='grc' dir='ltr'>διεργάσασθαι·</span> <span class='ocrx_word' id='word_1_262' title='bbox 1135 3100 1436 3164; x_wconf 69' lang='grc' dir='ltr'>ἀποδόντες</span> <span class='ocrx_word' id='word_1_263' title='bbox 1476 3101 1549 3160; x_wconf 82' lang='grc' dir='ltr'>ὧν</span> <span class='ocrx_word' id='word_1_264' title='bbox 1590 3100 1778 3161; x_wconf 82' lang='grc' dir='ltr'>ὀπίσω</span> <span class='ocrx_word' id='word_1_265' title='bbox 1817 3105 1891 3179; x_wconf 74' lang='grc' dir='ltr'>τῇ</span> 
     </span>
     <span class='ocr_line' id='line_1_37' title="bbox 285 3185 1893 3266; baseline 0.005 -21"><span class='ocrx_word' id='word_1_266' title='bbox 285 3187 525 3266; x_wconf 84' lang='grc' dir='ltr'>τεκούσῃ</span> <span class='ocrx_word' id='word_1_267' title='bbox 567 3185 632 3247; x_wconf 75' lang='grc' dir='ltr'>τὰ</span> <span class='ocrx_word' id='word_1_268' title='bbox 680 3186 901 3247; x_wconf 86' lang='grc' dir='ltr'>παιδίον</span> <span class='ocrx_word' id='word_1_269' title='bbox 949 3189 1041 3249; x_wconf 87' lang='grc' dir='ltr'>καὶ</span> <span class='ocrx_word' id='word_1_270' title='bbox 1089 3188 1408 3258; x_wconf 81' lang='grc' dir='ltr'>ἐξελθόντες</span> <span class='ocrx_word' id='word_1_271' title='bbox 1453 3188 1573 3259; x_wconf 80' lang='grc' dir='ltr'>ἔξω,</span> <span class='ocrx_word' id='word_1_272' title='bbox 1623 3191 1893 3256; x_wconf 75' lang='grc' dir='ltr'>ἑστεῶτες</span> 
     </span>
    </p>
   </div>
   <div class='ocr_carea' id='block_1_4' title="bbox 1813 15 2099 295">
    <p class='ocr_par' dir='ltr' id='par_1_9' title="bbox 1813 15 2099 374">
     <span class='ocr_line' id='line_1_38' title="bbox 1813 15 2099 295; baseline 0 79"><span class='ocrx_word' id='word_1_273' title='bbox 1813 15 2099 295; x_wconf 64' lang='grc' dir='ltr'>’Ἶ</span> 
     </span>
    </p>
   </div>
   <div class='ocr_carea' id='block_1_5' title="bbox 2054 1071 2100 2883">
    <p class='ocr_par' dir='ltr' id='par_1_10' title="bbox 2054 1071 2100 2883">
     <span class='ocr_line' id='line_1_39' title="bbox 2054 1071 2100 2883; baseline 0 0"><span class='ocrx_word' id='word_1_274' title='bbox 2054 1071 2100 2883; x_wconf 95' lang='lat' dir='ltr'> </span> 
     </span>
    </p>
   </div>
  </div>
 </body>
</html>
