2100 3409
148 88 366 152 11—13]
781 88 1154 139 nonnum.
1655 92 1749 145 127

147 167 446 244 ἀδελφεός·
493 166 665 229 τοῦτό
706 193 776 228 σε
815 168 1046 245 ῥύσεται
1080 167 1292 245 μηδένα
1334 167 1492 239 ἄξιον
1535 170 1745 246 μισθὸν

147 259 357 333 λαβεῖν
393 256 568 316 ἐπέων
609 256 874 332 ματαίων·
917 256 1014 315 καί
1033 282 1123 315 τοι
1147 255 1353 333 ταύτην
1381 255 1487 332 τήν
1525 255 1747 333 άτιμίην

148 345 500 421 προστίθημι
541 342 686 403 ἐόντι
720 348 865 423 κακῷ
888 369 951 403 τε
979 345 1071 403 καὶ
1097 342 1307 423 ἀθύμῳ,
1332 344 1475 421 μήτε
1501 369 1745 421 συστρα-

147 431 410 492 τεύεσθαι
449 432 581 507 ἐμοί
613 456 680 511 γε
720 432 811 490 ἐπὶ
848 430 954 507 τήν
978 430 1233 509 ‘EQ
1272 431 1441 492 αὐτοῦ
1471 457 1533 492 τε
1562 433 1748 509 μένειν

150 517 265 596 ἅμα
289 524 432 599 τῇσι
457 519 692 600 γυναιξί·
735 518 843 600 ἐγω
869 519 928 580 δὲ
956 520 1048 579 καὶ
1075 518 1203 581 ἄνευ
1226 520 1332 580 σέο
1357 519 1573 596 ὅσαπερ
1614 519 1746 579 εἶπα

152 609 411 667 ἐπιτελέα
463 606 710 682 ποιήσω·
777 607 860 684 μή
905 606 1016 689 γὰρ
1071 608 1187 684 εἴην.
1240 611 1300 666 ἐκ
1355 608 1595 684 Δαρείου
1645 610 1747 667 τοῦ

151 691 522 765 Ὑστάσπεος,
567 698 667 754 τοῦ
711 695 1044 773 Ἀρσάμεος,
1082 698 1183 755 τοῦ
1216 693 1609 773 Ἀριαράμνεω,
1646 700 1746 755 τοῦ

70 813 80 826 ·
152 784 438 854 Τεΐσπεος,
464 788 567 843 τοῦ
594 771 800 873 Κύρου
828 787 931 844 τοῦ
955 782 1302 860 Καμβύσεω,
1328 787 1432 842 τοῦ
1457 784 1743 854 Τεισπεος,

154 876 248 931 τοῦ
279 871 646 949 Ἀχαιμένεος
684 897 939 953 γεγονως,
979 897 1061 983 μη
1103 869 1555 949 τιμωρησάμενος
1579 871 1744 948 Ἀθη·

155 960 353 1022 ναίους·
397 985 458 1018 ευ
484 959 865 1035 ἐπιστάμενος,
889 959 975 1020 ὅτι
1001 963 1049 1018 εἶ
1073 958 1233 1035 ἡμεῖς
1255 958 1497 1039 ἦσυχιην
1522 958 1743 1035 ἄξομεν,
1807 969 1810 972 ’

158 1043 283 1104 ἀλλ’
311 1045 411 1106 οὐκ
446 1051 642 1106 ἐκεῖνοι
676 1046 830 1106 άλλα
865 1049 954 1106 καὶ
986 1046 1145 1123 μάλα
1181 1046 1617 1123 στρατεύσονται
1654 1048 1746 1107 ἐπὶ

158 1132 256 1208 τὴν
279 1134 571 1211 ἡμετέρην,
601 1139 649 1194 εἰ
672 1133 784 1214 χρή
811 1133 1263 1210 σταθμώσασθαι
1286 1138 1440 1193 τοῖσι
1463 1134 1746 1215 ύπαργμέ-

160 1244 305 1281 νοισι
331 1222 395 1291 ἐξ
415 1223 649 1300 ἐκείνων·
690 1221 743 1280 οἳ
770 1222 971 1300 Σάρδις
989 1246 1050 1280 τε
1072 1222 1384 1297 ἐνέπρησαν
1406 1222 1497 1280 καὶ
1521 1221 1746 1297 ἤλασαν

163 1311 215 1371 ἐς
234 1310 338 1385 τὴν
361 1309 583 1386 Ἀσίην.
668 1309 839 1370 οὔκων
866 1309 1256 1388 ἐξαναχωρέειν
1283 1307 1620 1385 οὐδετέροισι
1659 1309 1745 1368 δυ-

163 1401 330 1461 νατῶς
355 1399 487 1477 ἔχει,
515 1398 668 1456 ἀλλά
693 1398 899 1457 ποιέειν
923 1397 960 1474 ἢ
987 1398 1212 1458 παθέειν
1250 1399 1543 1474 προκέεται
1578 1396 1746 1478 ἅγιόν·

167 1484 251 1544 ἶνα
272 1484 310 1562 ἦ
335 1485 469 1545 τάδε
492 1485 674 1545 πάντα
698 1484 809 1545 ύπό
839 1484 1114 1562 Ἕλλησι,
1140 1484 1177 1561 ἦ
1206 1490 1384 1546 ἐκεῖνα
1422 1485 1605 1545 πάντα
1635 1486 1745 1546 ύπό

165 1573 422 1652 Πέρσῃσι
463 1575 707 1653 γένηται·
746 1572 811 1633 τό
853 1573 963 1654 γὰρ
998 1574 1180 1649 μέσον
1217 1572 1373 1634 οὐδὲν
1410 1576 1512 1649 τῆς
1547 1575 1747 1652 ἔχθρης

167 1660 300 1718 ἐστί·
343 1659 518 1720 καλόν
545 1658 618 1720 ὧν
643 1660 1099 1738 προπεπονθότας
1124 1660 1299 1737 ἡμέας
1323 1662 1607 1736 τιμωρέειν
1642 1661 1748 1736 ἤδη

163 1747 382 1825 γίνεται,
413 1748 504 1808 ἴνα
530 1749 621 1807 καὶ
646 1747 711 1808 τό
739 1748 914 1810 δεινὰν
947 1748 1013 1808 τό
1054 1750 1324 1824 πείσομαι
1358 1751 1525 1806 τοῦτο
1565 1748 1742 1823 μάθω,

167 1833 374 1898 ἐλάσας
409 1834 493 1893 ἐπ’
534 1835 734 1912 ἄνδρας
774 1837 1015 1906 τούτους,
1057 1835 1186 1898 τούς
1225 1859 1293 1916 γε
1337 1834 1429 1892 καὶ
1445 1863 1448 1870 ·
1465 1835 1673 1912 Πέλοψ
1713 1835 1746 1894 ὅ

165 1922 330 1997 Φρῦξ,
354 1921 456 1982 ἐῶν
493 1924 744 2001 πατέρων
766 1928 876 1984 τῶν
903 1928 1047 2000 ἐμῶν
1088 1923 1302 1992 δοῦλος,
1334 1924 1748 2000 κατεστρέψατο

168 2008 322 2078 οὕτω,
351 2010 421 2074 ὥς
463 2012 553 2070 καὶ
588 2016 644 2075 ἐς
680 2011 808 2072 τόδε
848 2011 1011 2071 αὐτοί
1044 2036 1107 2071 τε
1145 2011 1428 2088 ὤνθρωποι
1470 2010 1561 2069 καὶ
1600 2010 1637 2087 ἦ
1674 2015 1750 2092 γῆ

133 2139 146 2151 .
167 2095 345 2155 αὐτῶν
366 2100 636 2175 ἐπώνυμοι
660 2104 760 2160 τοῦ
788 2100 1315 2178 καταστρεψαμένου
1343 2098 1683 2158 καλέονται.”

242 2189 426 2244 Ταῦτα
450 2189 553 2263 μὲν
581 2188 671 2246 ἐπὶ
696 2191 938 2248 τοσοῦτο
967 2189 1210 2268 ἐλέγετο·
1237 2186 1379 2264 μετοῖ
1401 2188 1476 2259 δέ,
1506 2186 1749 2265 εύφρόνη
1770 2190 1862 2249 12.

165 2297 225 2331 τε
259 2274 467 2352 ἐγίνετο
504 2276 594 2334 καὶ
629 2276 840 2352 Ξέρξεα
875 2277 1046 2347 ἔκνιζε
1076 2275 1115 2352 ηι
1147 2275 1503 2353 Ἀρταβάνου
1537 2276 1749 2359 γνώμη·

167 2361 321 2419 νυκτὶ
343 2361 399 2420 δὲ
421 2362 643 2439 βουλὴν
668 2362 864 2433 διδούς,
883 2363 1075 2445 πάγχυ
1101 2363 1323 2441 εὕρισκέ
1348 2367 1401 2423 οἱ
1428 2364 1492 2423 ού
1518 2370 1752 2444 πρῆγμα

168 2448 310 2508 εἶναι
332 2451 731 2528 στρατεύεσθαι
757 2453 847 2511 ἐπὶ
871 2452 975 2527 τὴν
1007 2451 1279 2510 Ἑλλάδα·
1322 2452 1661 2533 δεδογμένων
1694 2454 1757 2512 δέ

169 2540 221 2596 οἱ
246 2534 396 2600 αὖτις
417 2539 641 2609 τούτων,
682 2540 1023 2600 κατύπνωσε·
1068 2539 1159 2598 καὶ
1196 2539 1264 2614 δή
1292 2565 1390 2598 κου
1419 2545 1477 2598 ἐν
1501 2544 1573 2618 τῇ
1599 2541 1753 2600 νυκτὶ

169 2624 277 2684 εἶδε
296 2623 421 2702 ὄψιν
443 2626 676 2703 τοιήνδε,
707 2626 778 2690 ὥς
803 2629 1026 2708 λέγεται
1052 2625 1164 2686 ύπὸ
1192 2627 1476 2704 Περσέων·
1519 2627 1701 2687 ἐδόκεε
1721 2628 1753 2689 ὅ

170 2712 373 2789 Ξέρξης
421 2713 590 2791 ἄνδρα
638 2718 692 2774 οἱ
733 2715 1036 2775 ἐπιστάντα
1088 2715 1266 2796 μέγαν
1311 2739 1372 2775 τε
1418 2715 1510 2773 καὶ
1552 2714 1756 2775 εὐειδέα

172 2802 358 2859 εἰπεῖν·
403 2812 438 2838 “
452 2802 594 2879 μετὰ
629 2802 696 2877 δὴ
733 2803 1049 2878 βουλεύεαι,
1088 2802 1129 2861 ὧ
1170 2804 1386 2879 Πέρσα,
1428 2801 1750 2879 στράτευμα

169 2887 249 2964 μή
278 2886 426 2967 ἄγειν
450 2893 542 2949 ἐπὶ
566 2890 670 2966 τὴν
695 2890 965 2960 Ἑλλάδα,
993 2891 1263 2965 προείπας
1288 2890 1499 2961 άλίζειν
1526 2891 1757 2964 Πέρσας

171 2975 430 3050 στρατόνς
502 2976 628 3037 οὔτε
686 2977 775 3037 ὧν
806 2977 1357 3054 μεταβουλευόμενος
1420 2976 1623 3046 ποιέεις
1678 2973 1753 3042 εὖ,

171 3062 301 3123 οὔτε
344 3063 372 3121 ὁ
413 3064 874 3144 συγγνωσόμενός
911 3089 999 3123 τοι
1038 3062 1208 3139 πάρα·
1251 3062 1399 3131 ἀλλ’,
1429 3062 1617 3133 ὥσπερ
1656 3061 1758 3130 τῆς

168 3149 375 3225 ἡμέρης
415 3151 765 3226 ἐβουλεύσαο
804 3152 1023 3222 ποιέειν,
1068 3149 1273 3224 ταύτην
1307 3150 1388 3208 ἴθι
1421 3149 1530 3205 τῶν
1565 3139 1753 3200 ὄὸὧνΫ

170 3236 287 3296 Τον
298 3238 416 3312 μὲν,
433 3242 604 3298 ταῦτα
626 3239 872 3309 εἴπαντα,
893 3236 1127 3298 ἐδόκεε“
1095 3262 1127 3295 ο
1146 3233 1357 3310 Ξέρξης
1375 3226 1755 3288 ἀποπτάσθαι·
1775 3228 1850 3285 13
1949 3309 2043 3361 Α
