2100 3409
174 59 423 126 34—37]
829 63 1205 117 ΚΑΛΔιοΠΗ.
1704 71 1799 119 299

175 148 256 204 ἐν
284 146 639 222 Πλαταιῇσι·
681 145 773 203 ἐπὶ
798 145 875 215 δὲ,
903 145 936 205 6
968 151 1029 206 ἐν
1061 149 1238 227 Τεγέῃ
1267 149 1408 225 πρός
1440 149 1716 230 Τεγεήτας
1738 174 1801 210 τε

176 232 293 291 καὶ
332 231 622 311 Ἀργείους
662 232 972 313 γενόμενος·
1019 235 1163 311 μετὰ
1205 236 1280 306 δὲ,
1325 235 1357 295 6
1402 240 1459 295 ἐν
1502 242 1802 297 Διπαιεῦσι

177 320 341 398 πρδς
368 319 644 396 Ἀρκάδας
683 320 908 393 πάντας,
952 323 1116 397 πλὴν·
1147 325 1488 383 Μαντινέων·
1529 326 1621 384 ἐπὶ
1657 326 1731 398 δὲ,
1766 324 1799 387 6

178 409 559 483 Μεσσηνίων,
605 407 638 467 6
681 408 823 486 πρὸς
865 413 942 488 τῷ
982 410 1212 490 Ἰσθμῷ·
1260 410 1499 475 ὕστατος
1539 412 1614 483 δὲ,
1663 413 1696 473 6
1744 418 1802 474 ἐν

176 495 460 575 Τανάγρῃ
475 495 617 573 πρὸς
628 494 987 573 Ἀθηναίους
980 523 1043 557 τε
1070 500 1162 558 καὶ
1180 498 1466 580 Ἀργείους
1488 499 1799 580 γενόμενος·

134 644 139 647 ,
178 581 362 645 οὗτος
386 582 505 642 δὲ”
470 609 713 647 υστατος
740 585 1122 666 κατεργάσθη
1123 590 1234 647 τῶν
1257 589 1422 648 πέντε
1447 588 1687 671 άγῶνων.

277 667 463 733 Ουτος
488 670 556 746 δή
596 671 724 731 τότε
758 677 912 732 τοῖσι
938 673 1256 750 Ἕλλησι
1222 702 1255 735 ο
1284 678 1612 754 Τισαμενδς,
1639 676 1798 759 άγόν·
1819 680 1895 738 36

178 783 304 820 των
334 763 443 818 τῶν
481 761 886 837 Σπαρτιητέων,
926 762 1252 839 ἐμαντεύετο
1285 769 1344 822 ἐν
1368 769 1441 842 τῇ
1479 766 1799 825 Πλαταιίδι.

179 851 353 908 τοῖσι
376 847 479 924 μέν
510 872 605 909 νυν
625 848 882 926 Ἕλλησι
920 851 1069 909 καλοὶ
1106 851 1317 933 ἐγίνετο
1350 853 1423 913 τοὶ
1460 853 1566 931 ἱρὰ,
1600 853 1799 931 ἀμυνο-

181 937 434 1014 μένοισι·
464 937 703 1013 διαβασι
730 937 790 996 δὲ
813 939 913 997 τὸν
930 938 1196 999 Ἀσωπὸν
1223 941 1314 999 καὶ
1333 940 1517 1021 μάχης
1544 942 1798 1020 ἄρχουσι,

184 1022 277 1083 οὔ.
364 1024 662 1105 Μαρδονίῳ
695 1024 753 1084 δὲ
784 1027 1215 1107 προθυμεομένω
1248 1029 1434 1107 μάχης
1466 1028 1671 1140 ἄρχειν,
1701 1029 1799 1088 οὐκ
1818 1029 1893 1091 37

183 1112 455 1187 ἐπιτήδεα
499 1112 707 1193 ἐγίνετο
750 1113 820 1174 τὰ
867 1114 976 1191 ἱρά·
1025 1114 1350 1195 ἀμυνομένῳ
1389 1118 1448 1175 δὲ
1491 1119 1583 1175 καὶ
1623 1117 1799 1196 τούτω

183 1199 362 1260 καλά·
420 1201 513 1259 καὶ
553 1202 661 1282 γοῖρ
709 1227 868 1265 ουτος
908 1201 1299 1277 Ἑλληνικοῖσι
1346 1207 1518 1280 ἱροῖσι
1561 1205 1797 1282 ἐχρέετο,

181 1287 393 1367 μάντιν
425 1291 564 1368 ἔχων
597 1290 1073 1371 Ἡγησίστρατον,
1117 1290 1289 1369 ἄνδρα
1330 1291 1562 1352 Ἠλεῖόν
1601 1318 1664 1351 τε
1707 1292 1800 1351 καὶ

182 1381 311 1438 τῶν
323 1378 669 1438 Τελλιαδέων
696 1379 857 1439 ἐόντα
883 1377 1289 1459 λογιμώτατον·
1317 1380 1416 1440 τὸν
1434 1380 1501 1455 δή
1528 1380 1799 1457 πρότερον

181 1465 413 1544 τούτων’
428 1468 774 1551 Σπαρτιῆται
800 1468 1079 1544 λαβόντες
1112 1470 1317 1545 ἔδησαν
1344 1469 1435 1528 ἐπὶ
1469 1469 1700 1549 θανάτῳ,
1728 1467 1801 1532 οἷς

183 1553 533 1618 πεπονθότες
566 1554 762 1614 πολλά
791 1581 854 1617 τε
892 1556 983 1614 καὶ
1027 1556 1271 1633 ἀνάρσια
1306 1557 1401 1616 υπ’
1443 1556 1628 1616 αὐτοῦ·
1673 1557 1705 1618 6
1740 1557 1801 1616 δὲ

184 1648 250 1702 ἐν
288 1643 464 1721 τούτῳ
497 1647 573 1722 τῷ
617 1648 765 1722 κακῷ
798 1643 1075 1722 ἐχόμενος,
1115 1643 1261 1703 ὥστε
1295 1646 1505 1723 τρέχων
1537 1645 1665 1721 περὶ
1699 1649 1802 1719 τῆς

185 1734 380 1810 ψυχῆς
404 1730 513 1807 πρό
538 1756 600 1790 τε
626 1736 727 1791 τοῦ
761 1731 1001 1791 θανάτου
1031 1731 1365 1807 πεισόμενος
1395 1731 1590 1789 πολλά
1615 1758 1677 1813 τε
1704 1732 1795 1790 καὶ

184 1819 394 1899 λυγρα,
449 1821 611 1900 ἔργον
663 1818 945 1900 ἐργάσατο
988 1820 1157 1895 μέζον
1198 1818 1394 1901 λόγου·
1464 1818 1685 1900 ωςγοὶρ
1728 1819 1797 1894 δη

185 1907 408 1967 ἐδέδετο
437 1912 495 1967 ἐν
520 1907 668 1987 ξύλῳ
694 1906 1049 1987 σιδηροδέτῳ,
1075 1907 1483 1986 ἐσενειχθέντος
1510 1933 1615 1970 κως
1641 1908 1796 1983 σιδη-

185 1997 315 2073 ρίου
358 1994 648 2072 ἐκράτησε·
705 1995 902 2054 αὐτίκα
950 1996 1010 2054 δὲ
1053 1999 1371 2074 ἐμηχανᾶτο
1413 1994 1799 2070 ἀνδρειότατον

187 2084 359 2166 ἔργον
380 2083 601 2144 πάντων
638 2089 748 2144 τῶν
771 2083 933 2160 ἡμεῖς
969 2083 1144 2160 ἴδμεν·
1187 2081 1659 2160 σταθμησάμενος
1688 2082 1798 2161 ’γσῖρ

186 2172 333 2236 ὅκως
365 2171 720 2242 ἐξελεύσεταί
758 2175 811 2231 οἱ
846 2170 913 2231 vd
949 2171 1155 2232 λοιπὸν
1184 2174 1286 2232 τοῦ
1325 2171 1513 2240 ποδος,
1550 2169 1799 2246 ἀπέταμε

185 2261 292 2322 τᾶν
314 2261 530 2338 ταρσὸν
560 2264 777 2330 ἑωυτοῦ,
805 2263 980 2320 ταῦτα
1017 2259 1077 2319 δὲ
1112 2259 1371 2335 ποιήσας,
1403 2259 1547 2319 ὥστε
1575 2263 1798 2334 φυλασ-

187 2350 435 2427 σόμενος
464 2348 573 2409 ὖπὸ
616 2347 899 2425 φυλάκων,
937 2347 1190 2426 διορύξας
1226 2348 1327 2408 τόν
1361 2352 1553 2426 τοῖχον
1590 2347 1800 2423 ἀπέδρη

189 2442 248 2502 ἐς
302 2438 530 2519 Τεγέην,
583 2437 684 2501 τοὶς
733 2439 837 2514 μὲν
889 2434 1089 2498 νύκτας
1150 2435 1534 2512 πορευόμενος,
1588 2434 1688 2496 τσῖς
1740 2435 1800 2493 δὲ

185 2526 406 2602 ἡμέρας
448 2526 759 2586 καταδύνων
801 2531 855 2588 ἐς
903 2522 1047 2599 ὕλην
1092 2524 1182 2581 καὶ
1226 2522 1602 2597 αὐλιζόμενος·
1662 2520 1801 2579 οὕτω

188 2613 359 2684 ὥστε,
413 2614 859 2689 Λακεδαιμονίων
925 2612 1199 2687 πανδημεὶ
1268 2609 1580 2686 διζημένων,
1641 2609 1800 2687 τρίτῃ

189 2701 443 2781 εὐφρόνῃ
494 2703 759 2784 γενέσθαι
813 2706 872 2762 ἐν
922 2700 1117 2781 Τεγέῃ,
1175 2697 1305 2760 τούς
1362 2698 1420 2756 δὲ
1469 2701 1532 2756 ἐν
1588 2697 1801 2774 θώματι

186 2790 425 2872 μεγάλῳ
456 2791 746 2869 ἐνέχεσθαι
771 2792 873 2866 τῆς
902 2814 965 2848 τε
1004 2789 1237 2865 τόλμης,
1276 2785 1536 2862 ὄρέοντας
1575 2785 1642 2844 τὸ
1675 2784 1801 2862 ἦμί-

188 2904 371 2956 τομον
405 2882 505 2937 τοῦ
544 2877 715 2941 ποδὸς
760 2877 1026 2954 κείμενον,
1073 2875 1323 2934 κάκεῖνον
1366 2874 1429 2934 οὗ
1474 2873 1802 2948 δυναμένους

188 2966 392 3044 εὗρεῖν.
473 2965 603 3028 τότε
654 2968 758 3043 μὲν
801 2988 963 3025 ουτω
985 2962 1272 3044 διαφυγων
1314 2958 1801 3034 Λακεδαιμονίους,

190 3053 539 3136 καταφεύγει
582 3060 637 3118 ἐς
677 3053 903 3135 Τεγέην,
949 3055 1156 3111 ἐοῦσαν
1198 3076 1299 3111 ουκ
1342 3048 1581 3127 ἀρθμίην
1621 3053 1801 3103 Λακε-

190 3144 539 3220 δαιμονίοισι
577 3146 776 3205 τοῦτον
809 3140 912 3203 τόν
944 3139 1167 3222 χρόνον·
1210 3137 1371 3219 ὖγιης
1397 3137 1457 3195 δὲ
1491 3132 1801 3213 ’γενόμενθςι

195 3233 292 3290 καὶ
327 3232 864 3309 προσποιησάμενος
903 3230 1129 3361 ξύλινον
1164 3225 1329 3294 πόδα,
1363 3218 1698 3293 κατεστήκεε
1742 3223 1802 3276 ἐκ
