2100 3409
209 34 439 99 61-67]
819 35 1193 89 noA‘rMNu.
1705 45 1800 94 149

206 115 239 175 ὁ
284 112 550 189 Ὀτάνεω,
616 111 897 192 Ὑρκάνιοι
943 117 1003 175 δὲ
1048 116 1295 195 κατάπερ
1338 121 1563 197 Πέρσαι
1607 122 1806 183 ἐσεσά-

202 227 367 279 χατο,
397 199 651 282 ἡγεμόνα
683 203 1059 281 παρεχόμενοι
1096 204 1440 286 Μεγάπανον
1479 206 1581 267 vav
1614 211 1803 286 Βαβυ-

201 293 385 352 λῶνος
417 288 659 396 ὕστερον
695 288 901 350 τούτων
927 292 1423 369 ἐπιτροπεύσαντα.
1506 293 1799 373 Ἀσσύριοι
1821 299 1898 357 63

201 376 261 435 δὲ
287 375 727 454 στρατευόμενοι
750 378 879 455 περὶ
896 381 1000 454 μὲν
1016 383 1158 459 τῇσι
1183 385 1474 490 κεφαλῇσι
1495 381 1647 461 εἶχον
1664 383 1801 461 χάλ-

201 462 304 523 κεά
328 489 394 524 τε
410 463 624 541 «κράνεα
651 465 743 525 καὶ
767 468 1130 548 πεπλεγμένα
1157 468 1370 547 τρόπον
1408 496 1534 530 τινα
1573 470 1799 547 βάρβα-

197 577 304 629 ρον
350 550 456 612 ούκ
506 550 883 632 εὐαπήγητον·
936 554 1181 619 άσπίδας
1222 556 1283 616 δὲ
1328 557 1419 616 καὶ
1461 558 1666 636 αἰχμάς
1713 558 1805 617 καὶ

200 639 510 719 ἐγχειρίδια
535 640 910 717 παραπλήσια
933 646 1072 721 τῇσι
1098 644 1440 724 Αἰγυπτίῃσι
1468 643 1636 724 εἶχον·
1666 646 1805 722 πρός

199 723 278 796 δε,
321 725 552 804 ῥόπαλα
596 726 777 796 ξύλων
820 731 1171 808 τετυλωμένα
1216 731 1425 811 σιδήρῳ
1463 733 1554 792 καὶ
1588 734 1803 798 λινέους

199 812 476 891 θώρηκας·
532 812 686 875 οὗτοι
739 816 798 876 δὲ
849 817 959 878 ύπὸ
1011 821 1115 896 μὲν
1165 818 1452 895 Ἑλλήνων
1506 821 1801 886 ἐκαλέοντο

200 901 476 978 Σύριοι,“
443 901 551 962 υπό
579 902 639 962 δὲ
663 907 775 964 τῶν
797 905 1112 982 βαρβάρων
1135 904 1433 985 Ἀσσύριοι
1458 908 1799 984 ἐκλήθησαν·

198 987 413 1048 τούτων
453 990 512 1049 δὲ
550 990 775 1068 μεταξῦ,
803 993 1103 1053 Χαλδαῖοι·
1141 991 1284 1072 ἦρχε
1322 994 1387 1054 δέ
1418 1001 1612 1071 σφεων
1636 995 1799 1057 Ὀτά-

201 1101 360 1152 σπης
399 1076 432 1137 ὁ
470 1076 826 1157 Ἀρταχαίου.

285 1162 553 1242 Βάκτριοι
595 1165 655 1225 δὲ
694 1167 823 1243 περὶ
862 1169 967 1243 μὲν
1006 1171 1145 1245 τῇσι
1182 1172 1473 1248 κεφαλῇσι
1511 1169 1799 1249 ἀγχότατα
1817 1174 1894 1232 64

199 1255 313 1313 τῶν
349 1253 615 1329 Μηδικῶν
656 1254 873 1333 ἔχοντες
908 1255 1323 1331 ἐστρατεύοντο,
1358 1254 1496 1326 τόξα
1532 1256 1591 1315 δὲ
1627 1256 1799 1317 καλά-

198 1365 336 1417 μινα
379 1342 648 1420 ἐπιχώρια
688 1342 780 1401 καὶ
821 1341 1025 1422 αἰχμάς
1059 1344 1329 1423 βραχέας.
1414 1343 1592 1409 Σάκαι
1626 1344 1686 1405 δὲ
1721 1344 1800 1427 [οἱ

201 1427 439 1510 Σκύθαι]
469 1429 597 1506 περὶ
633 1431 738 1506 μὲν
774 1433 911 1508 τῇσι
950 1435 1239 1510 κεφαλῇσι
1279 1433 1593 1509 κυρβασίας
1620 1437 1674 1496 ἐς
1699 1431 1798 1503 ὀξύ

199 1513 510 1597 οἷπιγμένας
560 1515 729 1594 ὄρθοῖς
779 1516 933 1596 εἶχον
982 1521 1308 1601 πεπηγυίας,
1364 1520 1688 1598 ἀναξυρίδας
1733 1521 1794 1582 δὲ

199 1603 578 1663 ἐνδεδύκεσαν·
616 1603 755 1674 τόξα
780 1604 840 1664 δὲ
864 1606 1148 1685 ἐπιχώρια,
1178 1608 1269 1666 καὶ
1310 1608 1627 1687 ἐγχειρίδια,
1656 1609 1798 1685 πρὸς

197 1690 259 1750 δὲ
306 1691 400 1750 καὶ
445 1690 632 1761 ἀξίνας
673 1692 910 1773 σαγάρις
964 1693 1140 1773 εἶχον·
1197 1694 1445 1772 (τούτους
1491 1695 1551 1754 δὲ
1604 1694 1793 1760 ἐόντας

198 1776 423 1843 Σκύθας
445 1777 775 1860 Ἀμυργίους
814 1779 998 1845 Σάκας
1037 1781 1287 1842 ἐκάλεον·
1330 1784 1384 1841 οἱ
1419 1780 1529 1862 γάρ
1570 1781 1795 1858 Πέρσαι

192 1865 410 1929 πάντας
453 1866 583 1930 τοῦς
632 1867 850 1933 Σκύθας
900 1868 1170 1930 καλέουσι
1224 1868 1455 1947 Σάκας·)
1505 1869 1794 1945 Βακτρίων

194 1953 257 2012 δὲ
298 1953 393 2013 καὶ
433 1955 655 2019 Σακέων
686 1954 829 2034 ἦρχε
856 1954 1205 2033 Ὑστάσπης,
1246 1955 1281 2017 ὅ
1321 1955 1559 2032 Δαρείου
1593 1981 1656 2016 τε
1697 1957 1791 2016 καὶ

190 2039 483 2117 Ἀτόσσης
518 2045 621 2118 τῆς
661 2041 871 2120 Κύρου.
950 2042 1118 2105 Ἰνδοὶ
1158 2044 1219 2103 δὲ
1264 2043 1461 2119 εἵματα
1500 2045 1603 2121 μὲν
1648 2043 1787 2104 ἐνδε-
1812 2047 1889 2105 65

193 2126 420 2191 δυκότες
461 2128 573 2189 άπό
615 2128 796 2199 ξύλων
828 2132 1191 2209 πεποιημένα,
1231 2130 1371 2202 τόξα
1411 2131 1471 2190 δὲ
1514 2130 1794 2208 καλάμινα

193 2214 351 2294 εἶχον
394 2216 486 2277 καὶ
529 2214 754 2280 σ’ἳστοῦς
788 2219 1144 2295 καλαμίνους·
1186 2220 1279 2279 ἐπὶ
1318 2219 1394 2290 δὲ,
1432 2218 1664 2297 σίδηρον
1702 2217 1792 2296 ἦν.

192 2305 535 2381 ἐσταλμένοι
557 2307 661 2383 μὲν
685 2304 815 2380 δή’
779 2331 929 2380 ησαν
954 2306 1095 2367 οὕτω
1119 2307 1304 2368 Ἰνδοί·
1336 2307 1792 2388 προσετετάχατο

191 2390 253 2470 δὲ
305 2392 812 2470 συστρατευόμενοι
863 2394 1231 2506 Φαρναζάθρῃ
1281 2399 1360 2476 τῷ
1408 2394 1790 2474 Ἀρταβάτεω.

203 2471 375 2556 Αριοι
404 2480 465 2539 δὲ
487 2479 704 2549 τόξοισι
728 2484 832 2557 μὲν
857 2484 1256 2559 ἐσκευασμένοι
1280 2484 1432 2559 ἦσαν
1459 2484 1785 2559 Μηδικοῖσι,
1807 2486 1883 2545 66

187 2591 260 2626 τα
298 2566 361 2625 δὲ
399 2566 554 2626 αλλα
594 2567 735 2629 κατά
758 2595 863 2646 περ
891 2569 1176 2645 Βάκτριοι·
1216 2568 1417 2647 Ἀρίων
1443 2569 1564 2629 δὲ’
1528 2595 1668 2650 ηρχε
1696 2574 1789 2637 Σι-

187 2653 410 2732 σάμνης
437 2681 469 2715 ο
453 2653 805 2732 ’Ὑδάρνεος
887 2657 1111 2735 Πάρθοι
1138 2657 1198 2734 δε
1225 2659 1315 2717 καὶ
1342 2657 1663 2734 Χοράσμιοι
1695 2659 1789 2718 καὶ

187 2742 404 2823 Σογδοί
443 2768 507 2803 τε
549 2743 642 2802 καὶ
683 2743 978 2822 Γανδάριοι
1021 2745 1117 2805 καὶ
1165 2745 1414 2815 Δαδίκαι,
1456 2744 1561 2821 τήν
1614 2744 1787 2821 αύτήν

183 2829 397 2907 σκευήν
423 2830 642 2909 ἔχοντες
666 2830 770 2908 τὴν
796 2833 888 2891 καὶ
912 2831 1197 2909 Βάκτριοι,
1224 2831 1637 2907 ἐστρατεύοντο·
1659 2833 1788 2892 τού·

181 2944 291 2978 των
339 2918 402 2977 δὲ
446 2917 626 2997 ἦρχον
673 2919 806 2979 οἶδε·
860 2917 1106 2997 Πάρθων
1148 2921 1252 2995 μὲν
1297 2920 1390 2979 καὶ
1437 2920 1779 2996 Χορασμίων

138 3005 142 3016 ’
181 3004 540 3084 Ἀρτάβαζος
565 3005 597 3066 ὁ
624 3006 936 3085 Φαρνάκεω·
979 3006 1206 3086 Σογδῶν
1238 3007 1298 3067 δὲ
1321 3006 1555 3081 Ἀζάνης
1593 3004 1624 3063 ὁ
1659 3004 1785 3079 Ἀρ-

177 3096 361 3155 ταίου·
405 3095 724 3172 Γανδαρίων
753 3096 813 3155 δὲ
841 3096 932 3154 καὶ
958 3094 1241 3156 Δαδικέων
1268 3093 1569 3170 Ἀρτύφιος
1595 3089 1627 3149 ὁ
1653 3089 1779 3165 Ἀρ·-

178 3180 460 3261 ταβάνου.
543 3181 800 3243 Κάσπιοι
823 3182 886 3244 δὲ
911 3179 1182 3260 σισύρνας
1209 3205 1272 3242 τε
1303 3174 1657 3246 ἐνδεδυκότες,
1685 3174 1777 3235 καὶ
1794 3176 1871 3236 67
