2100 3409
341 70 438 120 312
949 64 1320 114 ἮΡοΔοΤοῑ·
1817 65 1937 130 [Ιχ.

343 148 524 224 φόνου
569 151 670 208 τοῦ
716 141 1022 216 Λεωνίδεω,
1071 143 1214 204 κατὰ
1265 143 1334 204 τὸ
1386 145 1752 223 χρηστήριον,
1797 150 1942 206 τοῖσι

345 236 735 314 Σπαρτιήτῃσι
777 239 837 293 ἐκ
877 230 1202 311 Μαρδονίου
1254 233 1590 293 ἐπιτελέετο·
1655 234 1751 293 καὶ
1796 235 1940 310 νίκην

340 321 650 402 ἀναιρέεται
677 322 992 397 καλλίστην
1019 317 1283 381 ἁπασέων
1307 324 1419 380 τῶν
1436 320 1601 397 ἦμεῖς
1619 321 1779 398 ἴδμεν
1798 327 1937 380 Παυ-

342 413 539 488 σανίης
579 411 611 471 ὁ
659 408 1074 486 Κλεομβρότου
1115 413 1216 467 τοῦ
1254 408 1712 485 Ἀναξανδρίδεω·
1751 413 1860 468 τῶν
1886 409 1939 466 δὲ

343 498 654 575 κατύπερθέ
684 500 738 556 οἱ
768 496 1059 577 προγόνων
1081 496 1154 556 τὰ
1180 494 1462 573 οὐνόματα
1484 497 1700 573 εἴρηται
1725 502 1781 559 ἐς
1803 503 1937 555 Λεω-

341 587 513 662 νίδην·
555 583 721 645 ὦῦτοὶ
760 583 869 665 γάρ
912 590 1024 660 σφι
1063 583 1409 664 τυγχάνουσι
1436 583 1637 646 ἐόντες.
1708 583 1935 659 ἀποθνή-

341 699 468 733 σκει
485 673 544 732 δὲ
560 670 876 750 Μαρδόνιος
888 671 1000 732 ὑπὸ
1014 669 1406 748 Ἀἐιμνήστου,
1424 669 1623 747 ἀνδρὸς
1639 676 1701 731 ἐν
1718 672 1938 748 Σπάρτῃ

344 763 604 842 λογίμου·
658 759 721 824 ὃς
756 759 940 839 χρόνῳ
974 757 1213 835 ὕστερον
1251 758 1394 835 μετὰ
1427 756 1502 817 τά
1544 759 1775 834 Μηδικαὶ
1812 761 1937 838 ἔχων

342 849 545 927 ἄνδρας
569 849 921 926 τριηκοσίους
961 847 1248 922 συνέβαλε
1275 852 1334 907 ἐν
1368 846 1755 926 Στενυκλήρῳ,
1783 849 1937 908 πολέ-

344 963 452 1013 μου
481 936 680 1008 ἐόντος,
712 935 1102 1011 Μεσσηνίοισι
1120 938 1285 993 πᾶσι·
1320 934 1415 992 καὶ
1437 932 1609 997 αὐτός
1626 959 1692 993 τε
1710 935 1939 995 ἀπέθανε

248 1026 324 1082 65
344 1024 437 1082 καὶ
472 1027 526 1082 οἱ
561 1021 893 1099 τριηκόσιοι.
974 1019 1074 1080 Ἐν
1100 1021 1160 1079 δὲ
1186 1024 1519 1100 Πλαταιῇσι
1544 1024 1599 1081 οἶ
1626 1022 1854 1100 Πέρσαι
1877 1022 1937 1085 ὦς

340 1111 648 1188 ἐτράποντο
685 1109 796 1170 ὖπὸ
828 1113 938 1169 τῶν
979 1108 1445 1185 Λακεδαιμονίων,
1482 1110 1724 1190 ἔφευγον
1756 1110 1937 1170 οὐδένα

343 1199 559 1277 κόσμον
607 1205 661 1263 ἐς
702 1198 771 1259 τὸ
819 1195 1201 1274 στρατόπεδον
1245 1195 1310 1255 τό
1362 1199 1588 1270 ἑωυτῶν,
1641 1198 1736 1256 καὶ
1783 1203 1838 1261 ἐς
1877 1196 1934 1257 τό

341 1293 527 1367 τεῖχος
560 1287 627 1348 τό
673 1286 896 1356 ξύλινον
938 1284 1005 1344 τὰ
1050 1285 1391 1359 ἐποιήσαντο
1424 1289 1483 1344 ἐν
1517 1285 1691 1363 μοίρῃ
1729 1290 1805 1364 τῇ
1837 1292 1930 1360 Θη-

338 1376 519 1451 βαιδι.
604 1375 763 1449 θῶμα
803 1374 867 1431 δέ
901 1398 1001 1449 μοι
1034 1373 1189 1441 ὅκως,
1222 1397 1375 1448 παρα
1406 1375 1507 1447 τῆς
1548 1371 1852 1450 Δήμητρος
1877 1371 1933 1431 vd

342 1460 525 1524 ἄλσος
549 1461 896 1572 μαχομένων,
927 1460 1132 1550 ουδέ
1081 1487 1157 1524 εις
1183 1459 1363 1536 ἐφάνη
1387 1463 1498 1520 τῶν
1523 1462 1797 1536 Περσέων
1823 1460 1935 1521 οὔτε

342 1548 593 1609 ἐσελθων
629 1554 686 1612 ἐς
716 1547 784 1609 τὸ
819 1545 1044 1625 τέμενος
1074 1574 1200 1608 ουτε
1228 1546 1601 1608 ἐναποθανών·
1641 1549 1778 1624 περί
1797 1576 1858 1609 τε
1878 1575 1933 1608 το

345 1637 465 1714 ἶρον
497 1664 551 1697 οι
581 1641 900 1697 πλεῖστοι’
875 1662 932 1696 εν
957 1641 1034 1714 τῷ
1059 1635 1359 1715 βεβήλῳ”
1331 1661 1554 1695 επεσον·
1599 1636 1772 1695 δοκέω
1799 1637 1870 1707 δὲ,
1894 1635 1938 1694 εἶ

340 1752 398 1786 τι
438 1729 567 1803 περὶ
604 1730 717 1787 τῶν
759 1726 919 1786 θείων
960 1725 1305 1805 πρηγμάτων
1343 1724 1551 1783 δοκέειν
1599 1723 1697 1796 δεῖ,
1746 1725 1786 1800 ἦ
1823 1723 1935 1786 θεὸς

343 1814 483 1890 αὖτή
519 1821 703 1890 σφεας
739 1812 838 1874 οὐκ
873 1813 1112 1882 ἐδέξατο,
1152 1812 1551 1888 ἐμπρήσαντας
1578 1810 1646 1871 τό
1675 1817 1735 1872 ἐν
1760 1811 1935 1871 Ἑλευ-

342 1907 461 1962 σῖνι
486 1901 833 1980 άνακτόριον.
917 1898 1057 1975 αὕτη
1083 1901 1188 1976 μέν
1213 1925 1316 1973 νυν,
1336 1899 1373 1976 ἦ
1401 1899 1560 1978 μάχη
1589 1899 1683 1958 ἐπὶ
1706 1904 1935 1960 τοσοῦτο

345 1991 582 2106 ἐγένετο.
1117 2014 1122 2021 ·

423 2076 774 2155 Ἀρτάβαζος
791 2076 905 2136 δὲ’
872 2104 904 2137 ο
925 2073 1241 2152 Φαρνάκεος
1257 2075 1455 2136 αὐτίκα
1474 2101 1537 2135 τε
1559 2075 1662 2136 οὖκ
1682 2075 1934 2153 άρέσκετο

344 2165 462 2224 κατ’
484 2165 661 2243 άρχας
679 2166 1013 2240 λειπομένου
1040 2161 1426 2239 Μαρδονίου’
1389 2162 1504 2221 απὸ
1531 2164 1934 2239 βασιλέος,και

343 2251 470 2310 τότε
495 2251 690 2309 πολλοὶ
717 2250 1075 2332 άπαγορευων
1102 2249 1321 2310 οὐδὲν
1283 2275 1431 2327 ηνυε,
1453 2252 1821 2327 συμβάλλειν
1845 2277 1932 2310 ουκ

343 2341 465 2396 ε’ων·
520 2337 755 2412 ἐποίησέ
786 2363 848 2396 τε
882 2337 1045 2400 αυτὸς
1080 2338 1283 2408 τοιάδε,
1323 2337 1392 2401 ὦς
1432 2364 1532 2397 ουκ
1574 2338 1934 2416 ἀρεσκόμενος

341 2428 494 2486 τοῖσι
533 2424 832 2506 πρήγμασι
869 2430 1022 2485 τοῖσι
1070 2431 1130 2484 ἐκ
1176 2426 1496 2502 Μαρδονίου
1544 2428 1931 2503 ποιευμένοισι·

336 2517 452 2574 τῶν
489 2513 824 2594 ἐστρατήγεε
861 2513 892 2573 ὁ
926 2513 1296 2591 Ἀρτάβαζος·
1338 2513 1453 2593 εἶχε
1490 2514 1550 2572 δὲ
1588 2513 1823 2591 δύναμιν
1846 2513 1932 2573 οὐκ

340 2601 556 2682 ὀλίγην,
600 2601 754 2660 ἀλλὰ
794 2602 887 2660 καὶ
929 2606 983 2665 ἐς
1017 2602 1296 2677 τέσσερας·
1331 2600 1603 2678 μυριάδας
1644 2601 1931 2679 ἀνθρώπων

343 2689 472 2764 περὶ
512 2688 728 2748 ἑωυτόν·
768 2689 1010 2762 τούτους,
1056 2688 1193 2752 ὅκως
1230 2688 1269 2763 ἦ
1305 2688 1581 2765 συμβολὴ
1620 2690 1846 2770 ἐγίνετο,
1881 2684 1932 2746 εὗ

344 2774 773 2850 ἐξεπιστάμενος
835 2775 907 2835 τοὶ
962 2778 1165 2852 ἔμελλε
1218 2774 1624 2851 ἀποβήσεσθαι
1683 2775 1796 2836 άπο
1845 2778 1934 2852 τῆς

342 2860 545 2940 μάχης,
569 2860 674 2941 ἦγε
702 2865 1159 2939 κατηρτημένους,
1188 2865 1573 2944 παραγγείλας
1602 2890 1748 2925 κατα
1771 2864 1932 2925 τῶυτό

346 2949 484 3008 ἰέναι
521 2946 732 3010 πάντας
766 2953 838 3027 τῇ
876 2949 945 3009 ἂν
982 2950 1147 3013 αὐτος
1185 2951 1551 3030 ἐξηγέηται,
1519 2978 1660 3015 οκως
1688 2977 1758 3012 αν
1784 2977 1935 3012 amor

341 3035 545 3110 ὁρέωσι
578 3036 890 3109 σπουδῆς”
863 3063 1080 3113 εχοντα·
1134 3042 1309 3097 ταῦτα
1344 3039 1749 3119 παραγγείλας,
1786 3040 1853 3104 ὦς
1887 3044 1936 3103 ἔς

347 3122 535 3197 μάχην
580 3120 684 3202 ἦγε
726 3121 892 3194 δῆθεν
936 3122 1035 3181 τᾶν
1084 3125 1346 3201 στρατόν·
1390 3127 1703 3203 προτερέων
1751 3129 1811 3187 δὲ
1848 3131 1937 3202 τῆς

345 3206 497 3276 ὁδοῦ,
535 3206 648 3284 ὥρα
681 3207 772 3265 καὶ
808 3205 876 3281 δὴ
910 3208 1222 3288 φεύγοντας
1251 3212 1381 3274 τούς
1417 3212 1673 3289 Πέρσας·
1715 3214 1862 3277 οὕτω
1883 3213 1940 3275 ἃ
