2100 3409
178 65 498 129 184-1871
840 65 1213 115 noA'rMmA.
1724 72 1811 123 197

173 147 457 223 ποιήσας
497 144 823 221 δισμυρίους
862 144 1083 222 ἄνδρας.
1167 146 1259 205 καὶ
1301 145 1369 222 δὴ
1411 146 1479 207 τό
1512 174 1576 209 τε
1610 153 1672 210 ἐκ
1705 155 1817 211 τῶν

177 240 342 309 νεῶν
396 233 491 293 καὶ
543 237 645 292 τοῦ
688 234 858 304 πεζοῦ
902 235 1123 309 πλῆθος
1169 234 1563 312 συντιθέμενον
1606 239 1818 319 γίνεται

178 320 497 398 διηκόσιαί
534 345 596 379 τε
638 320 896 397 μυριάδες
939 321 1030 379 καὶ
1073 321 1369 398 τριήκοντα
1417 322 1509 381 καὶ
1554 324 1672 399 μία,
1723 325 1816 384 καὶ

178 410 362 488 πρός,
403 406 658 486 χιλιάδες
698 407 837 467 ἑπτα
872 408 964 467 καὶ
1008 408 1362 473 ἑκατοντάδες
1406 409 1468 480 ἓξ
1509 410 1602 469 καὶ
1637 410 1816 476 δεκάς.

179 501 373 557 τοῦτο
418 497 522 572 μὲν
561 521 628 555 το
679 495 743 564 ἐξ
783 493 954 571 αὐτῆς
992 500 1093 572 τῆς
1129 496 1328 573 Ἀσίης
1370 496 1692 575 στράτευμα
1733 498 1816 569 ἐξ·

183 585 454 663 αναχθὲν
477 583 708 660 εἴρηται,
736 582 863 643 ἄνευ
886 608 951 642 τε
976 587 1079 659 τῆς
1104 584 1404 693 θεραπηΐης
1428 588 1528 661 τῆς
1547 587 1817 663 ἑπομένης

186 672 297 730 καὶ
335 674 450 731 τῶν
483 674 814 751 σιταγωγῶν
845 671 1075 741 πλοίων,
1104 670 1196 729 καὶ
1231 670 1361 731 ὅσοι
1398 674 1659 733 ἐνέπλεον
1692 675 1815 734 τού-

182 785 379 820 τοισι.
462 757 627 818 τοδὲ
663 758 793 833 δη’
766 785 828 817 εκ
859 763 960 834 τῆς
994 757 1267 837 Εὐρώπης
1298 758 1572 840 ἀγόμενον
1603 762 1773 840 στρά-
1794 766 1909 824 185

186 872 386 924 τευμα
417 848 497 906 ἔτι
533 846 963 927 προσλογιστέα
998 846 1175 926 τούτῳ
1205 847 1373 907 παντὶ
1408 851 1484 927 τῷ
1519 849 1811 927 ἐξηριθμη-

188 935 372 1014 μένῳ·
424 933 656 1009 δόκησιν
696 933 758 991 δὲ
799 934 885 992 δεῖ
925 934 1129 1016 λέγειν·
1177 936 1303 999 νέας
1342 935 1447 1011 μέν
1482 962 1578 996 νυν
1612 940 1666 997 οἱ
1700 936 1814 999 οἷπό

188 1022 455 1099 Θρηΐκης
510 1021 805 1097 Ἕλληνες,
862 1021 953 1080 καὶ
1009 1028 1072 1081 ἐκ
1124 1027 1235 1082 τῶν
1293 1022 1479 1098 νήσων
1535 1028 1646 1085 τιῦν
1697 1030 1812 1085 ἐπι·

194 1110 472 1186 κειμένων
513 1112 586 1187 τῇ
618 1110 851 1187 Θρηίκῃ,
884 1110 1221 1188 παρείχοντο
1254 1110 1433 1169 εἴκοσι
1471 1111 1563 1170 καὶ
1600 1113 1811 1173 ἑκατόν·

194 1202 266 1255 ἐκ
298 1197 406 1274 μέν
435 1221 531 1257 νυν
564 1198 799 1256 τουτέων
830 1200 941 1255 τῶν
974 1201 1111 1256 νεῶν
1146 1195 1337 1273 ἄνδρες
1371 1200 1812 1277 τετρακισχίλιοι

196 1285 301 1343 καὶ
328 1284 612 1362 δισμύριοι
636 1286 902 1365 γίνονται.
952 1285 1122 1355 πεζοῦ
1148 1285 1224 1354 δὲ,
1244 1284 1343 1344 τᾶν
1368 1285 1601 1361 Θρήϊκες
1626 1288 1812 1363 παρεί-

194 1397 397 1451 χοντο,
418 1372 512 1431 καὶ
539 1372 795 1441 Παίονες,
819 1372 911 1430 καὶ
934 1369 1174 1448 Ἐορδοὶ,
1197 1372 1290 1431 καὶ
1311 1375 1611 1443 Βοττιαῖοι,
1634 1372 1724 1433 καὶ
1743 1375 1809 1435 τό

196 1459 551 1519 Χαλκιδικὸν
575 1461 750 1539 γένος,
781 1460 871 1518 καὶ
897 1460 1124 1541 Βρύγοι,
1148 1462 1240 1519 καὶ
1266 1462 1481 1538 Πίερες,
1501 1461 1592 1521 καὶ
1618 1468 1809 1522 Μακε-

195 1546 376 1617 δόνες,
403 1548 497 1605 καὶ
524 1549 858 1625 Περραιβοὶ,
888 1549 980 1606 καὶ
1004 1547 1264 1624 Ἐνιῆνες,
1295 1551 1387 1608 καὶ
1413 1549 1688 1620 Δόλοπες,
1717 1552 1809 1610 καὶ

197 1632 520 1715 Μάγνητες,
534 1635 625 1692 καὶ
642 1633 881 1713 Ἀχαιοὶ,
901 1637 991 1693 καὶ
1007 1634 1137 1694 ὅσοι
1150 1640 1249 1711 τῆς
1258 1637 1499 1713 Θρηίκης
1514 1637 1617 1712 τήν
1631 1663 1807 1715 παρα-

197 1722 337 1798 λίην
372 1722 647 1799 νέμονται,
673 1721 879 1782 τούτων
914 1728 1024 1782 τῶν
1060 1724 1257 1783 ἐθνέων
1286 1723 1582 1800 τριήκοντα
1616 1723 1809 1801 μυριά-

197 1809 305 1872 δας
349 1810 518 1869 δοκέω
559 1811 839 1891 γενέσθαι·
881 1808 1043 1871 αὗται
1088 1808 1162 1869 ὧν
1202 1813 1262 1868 αἱ
1302 1809 1560 1885 μυριάδες
1596 1810 1809 1889 κείνῃσι

195 1898 610 1974 προστεθεῖσαι
638 1902 775 1977 τῇσι
807 1904 867 1957 ἐκ
895 1901 1000 1973 τῆς
1033 1896 1233 1973 Ἀσίης
1262 1899 1510 1979 γίνονται
1541 1901 1600 1957 αἱ
1626 1900 1809 1958 πᾶσαι

197 1986 419 2063 ἀνδρῶν
446 1989 507 2045 αἱ
535 1985 776 2065 μάχιμοι
811 1985 1071 2063 μυριάδες
1106 1984 1387 2061 διηκόσιαι
1425 1983 1517 2043 καὶ
1543 1983 1809 2060 ἑξήκοντα

200 2074 298 2132 καὶ
326 2073 607 2150 τέσσερες,
649 2075 832 2133 ἔπεισι
868 2074 930 2132 δὲ
960 2072 1202 2152 ταύτῃσι
1238 2073 1592 2136 ἑκατοντάδες
1630 2075 1807 2133 ἑκκαί-

195 2161 339 2220 δεκα
383 2162 475 2219 καὶ
527 2160 707 2224 δεκάς.
778 2165 903 2220 ³1¹0ss
957 2162 1216 2239 μαχίμου
1271 2163 1330 2221 δὲ
1355 2161 1557 2223 τούτου
1582 2159 1768 2225 ἐόντος
1787 2164 1900 2224 186

197 2246 444 2325 ἅριθμὸν
471 2248 762 2318 τοσούτου,
789 2248 894 2324 τήν
926 2249 1231 2326 θεραπηΐην
1255 2248 1360 2326 τήν
1386 2251 1659 2327 ἑπομένην
1683 2250 1804 2310 τού-

193 2361 374 2406 τοισι,
395 2336 488 2393 καὶ
509 2334 640 2398 τούς
666 2341 724 2395 ἐν
747 2339 900 2395 τοῖσι
926 2341 1296 2417 σιταγωγοῖσι
1322 2337 1581 2401 ἀκάτοισι
1601 2337 1805 2410 ἐόντας,

197 2423 296 2482 καὶ
346 2422 507 2500 μάλα
560 2427 618 2483 ἐν
666 2426 821 2483 τοῖσι
871 2424 1108 2484 ἄλλοισι
1160 2426 1416 2484 πλοίοισι
1467 2430 1621 2485 τοῖσι
1687 2425 1803 2502 ἅμα

195 2510 445 2570 πλέουσι
474 2514 547 2589 τῇ
592 2515 849 2590 στρατιῇ,
883 2511 1114 2574 τούτους
1148 2515 1259 2571 τῶν
1292 2512 1552 2590 μαχίμων
1592 2512 1803 2591 α’,νδρῶν

192 2597 266 2658 οὗ
309 2599 480 2657 δοκέω
523 2599 664 2659 εἶναι
706 2600 1040 2673 ἐλάσσονας,
1085 2598 1240 2658 ἀλλὰ
1281 2603 1541 2662 πλεῦνας·
1601 2601 1694 2660 καὶ
1736 2600 1805 2678 δή

197 2692 388 2761 σφεας
424 2687 592 2746 ποιέω
618 2688 777 2750 ἴσους
803 2688 1059 2746 ἐκείνοισι
1089 2687 1242 2757 εἶναι,
1272 2687 1364 2745 καὶ
1392 2686 1518 2747 οὔτε
1543 2693 1800 2760 πλεῦνας,

197 2771 328 2832 οὔτε
382 2772 703 2838 ἐλάσσονας
756 2773 930 2834 οὖδέν·
1006 2774 1350 2844 ἐξισούμενοι
1403 2775 1462 2834 δὲ
1523 2774 1676 2837 οὗτοι
1726 2782 1803 2855 τῷ

194 2861 446 2939 μαχίμῳ,
494 2865 840 2939 ἐκπληροῦσι
891 2862 993 2926 τὰς
1037 2862 1168 2925 ἴσας
1219 2863 1487 2941 μυριάδας
1542 2866 1799 2942 ἐκείνῃσι·

196 2947 342 3008 οὕτω
371 2949 740 3025 πεντηκοσίας
768 2975 832 3009 τε
866 2947 1136 3027 μυριάδας
1169 2951 1260 3008 καὶ
1297 2952 1474 3010 εἴκοσι
1511 2953 1602 3009 καὶ
1638 2948 1797 3017 ὄκτῶ,

196 3036 295 3096 καὶ
318 3035 578 3114 χιλιάδας
603 3041 766 3114 τρεῖς,
796 3039 888 3096 καὶ
915 3037 1277 3101 ἑκατοντάδας
1302 3037 1416 3108 δύο,
1446 3038 1538 3096 καὶ
1574 3034 1802 3096 δεκάδας

195 3125 300 3185 δύο
325 3123 535 3200 ἀνδρῶν
560 3125 738 3205 ἤγαγε
764 3125 976 3202 Ξέρξης
1002 3122 1035 3182 ὁ
1064 3126 1303 3201 Δαρείου
1326 3126 1492 3201 μέχρι
1521 3119 1799 3197 Σηπιάδος

195 3212 295 3272 καὶ
319 3214 747 3286 Θερμοπυλέων.
831 3210 1015 3274 Οὗτος
1037 3213 1140 3286 μὲν
1175 3212 1243 3286 δὴ
1275 3215 1374 3272 τοῦ
1410 3205 1757 3271 συνάπαντος
1776 3209 1891 3270 187

241 3291 461 3343 IL—lss
