2100 3409
147 50 395 117 38—42]
811 51 1186 104 KAAAmnn.
1686 60 1776 110 301

149 135 371 211 μέντοι
411 131 582 194 ἵππος
619 130 659 206 ἦ
699 132 1021 207 Μαρδονίου
1064 133 1170 192 αἰεὶ
1210 137 1543 212 προσέκειτό
1585 163 1649 198 τε
1688 139 1781 197 καὶ

156 219 379 279 ἐλύπεε
405 216 535 281 τοῦς
548 217 856 292 Ἕλληνας·
900 222 953 278 οἱ
977 219 1091 300 γσῖρ
1113 222 1377 297 Θηβαῖοι,
1404 222 1503 281 ἅτε
1528 224 1783 299 μηδίζον-

155 333 263 371 τες
309 305 592 387 μεγάλως,
639 306 935 383 προθύμως
983 308 1186 384 ἔφερον
1228 308 1329 369 τὸν
1368 310 1636 386 πόλεμον,
1689 312 1782 370 καὶ

159 395 283 453 αἰεὶ
339 393 676 473 κατηγέοντο
719 393 887 472 μέχρι
939 394 1279 474 μάχης·τὸ
1323 396 1382 455 δὲ
1426 396 1539 457 άπὸ
1582 398 1782 459 τούτου

160 479 620 558 παραδεκόμενοι
650 480 871 557 Πέρσαι
894 507 958 542 τε
983 484 1075 541 καὶ
1113 483 1319 559 Μῆδοι,
1346 483 1507 560 μάλα
1537 485 1785 545 ἔσκον*
1730 511 1787 545 οι

162 566 628 628 οἷπεδείκνυντο’
592 567 809 645 αρετάς.

257 657 454 734 Μέχρι
477 656 581 732 μέν
606 681 704 715 νυν
728 658 839 716 τῶν
864 655 1060 716 δέκα“
1021 657 1269 735 ημερέων
1296 658 1455 719 ου’δὲν
1487 661 1580 720 ἐπὶ
1604 665 1781 720 πλεῦν
1800 662 1873 721 41

167 743 392 824 ἐγίνετο
417 742 644 802 τούτων·
688 741 759 806 ὥς
783 743 844 802 δὲ
871 744 1129 820 ἑνδεκάτη
1157 738 1405 826 ἐγεγόνεε
1430 746 1611 825 ἡμέρη
1638 747 1781 807 οἷντι-

169 832 547 906 κατημένοισι
574 835 631 889 ἐν
658 835 990 910 Πλαταιῇσι
1019 833 1080 891 οἴ
1108 858 1169 892 τε
1196 833 1265 908 δὴ
1282 831 1560 909 Ἕλληνες
1585 839 1788 914 πολλῷ

167 920 413 980 πλεῦνες
456 916 804 998 ἐγεγόνεσαν,
848 919 940 977 καὶ
970 919 1290 996 Μαρδόνιος
1324 923 1680 998 περιημέκτεε
1712 926 1784 1002 τῇ

171 1004 330 1083 ἕδρῃ,
386 1004 621 1064 ἐνθαῦτα
675 1009 730 1067 ἐς
782 1004 989 1085 λόγους
1040 1005 1220 1081 ἦλθον
1274 1009 1590 1085 Μαρδόνιός
1638 1036 1700 1069 τε
1745 1010 1780 1070 ὁ
1811 1015 1819 1022 ’

170 1091 455 1167 Γωβρύεω
482 1091 575 1150 καὶ
592 1090 944 1168 Ἀρτάβαζος
963 1092 995 1151 ὁ
1016 1094 1346 1170 Φαρνάκεος,
1364 1095 1427 1158 ὃς
1448 1102 1505 1155 ἐν
1530 1096 1783 1176 ὀλίγοισι

172 1179 450 1255 Περσέων
490 1178 561 1255 ἦν
601 1178 741 1256 ἀνὴρ
786 1179 1010 1255 δόκιμος
1057 1206 1212 1258 παρα
1253 1183 1453 1291 Ξέρξῃ·
1511 1183 1781 1257 βουλευο·

150 1265 359 1343 ’μένων
390 1267 450 1326 δὲ
486 1265 679 1325 οἶδε’
640 1292 792 1342 ησαν
826 1269 883 1326 αἱ
918 1271 1153 1348 γνῶμαι·
1195 1293 1231 1343 η
1271 1270 1375 1345 μὲν
1410 1268 1782 1345 Ἀρταβάζου,

176 1354 253 1417 ὦς
283 1355 452 1463 χρεὸν
482 1355 565 1429 εἴη
593 1354 990 1426 ἀναζεύξαντας
1018 1355 1124 1431 τὴν
1157 1356 1435 1441 ταχίστην
1465 1357 1649 1416 πάντα
1678 1358 1780 1417 τᾶν

175 1442 443 1518 στρατὸν,
486 1442 622 1501 ἰέναι
651 1447 707 1505 ἐς
731 1442 798 1502 τὸ
835 1447 1020 1522 τεῖχος
1055 1444 1122 1504 τό
1149 1446 1431 1521 Θηβαίων,
1461 1446 1589 1505 ἔνθα
1616 1445 1779 1506 σῖτόν

96 1600 102 1605 .
175 1531 244 1589 τέ
282 1536 396 1605 σφι
432 1531 811 1609 ἐσενηνεῖχθαι
850 1531 1073 1592 πολλόν
1109 1533 1200 1591 καὶ
1232 1532 1438 1611 χόρτον
1470 1537 1623 1593 τοῖσι
1648 1515 1780 1593 §vio-

178 1619 442 1697 ζυγίοισι·
484 1617 601 1676 κατ’
635 1617 878 1696 ἡσυχίην
909 1643 971 1677 τε
1009 1619 1291 1694 ἱζομένους
1327 1620 1781 1696 διαπρήσσεσθαι

179 1709 475 1769 ποιεῦντας
509 1704 660 1765 τάδε·
703 1707 849 1785 ἔχειν
882 1705 991 1787 γὰρ
1027 1705 1244 1783 χρυσὸν
1276 1706 1498 1766 πολλὰν
1537 1711 1639 1784 μὲν
1666 1709 1777 1767 ἐπί-

180 1819 386 1870 σημον,
430 1791 650 1853 πολλὰν
693 1794 753 1852 δὲ
794 1794 885 1852 καὶ
925 1792 1165 1869 ἄσημον,
1196 1793 1420 1852 πολλᾶν
1456 1793 1515 1851 δὲ
1555 1795 1648 1853 καὶ
1686 1794 1780 1869 ἅρ-

180 1879 354 1962 γυρόν
371 1906 434 1942 τε
455 1881 547 1940 καὶ
572 1880 887 1958 ἐκπώματα·
920 1881 1129 1941 τούτων
1150 1880 1510 1957 φειδομένους
1528 1879 1780 1958 μηδενος,

182 1969 513 2077 διαπέμπειν
539 1973 594 2032 ἐς
621 1969 752 2032 τοῦς
779 1969 1082 2049 Ἕλληνας,
1111 1968 1400 2044 Ελλήνων
1436 1968 1497 2028 δὲ
1529 1969 1785 2045 μάλιστα

184 2062 239 2121 ἐς
281 2080 435 2129 τους
451 2061 834 2133 προεστεῶτας
882 2062 940 2116 ἐν
980 2062 1118 2135 τῇσι
1161 2056 1381 2117 πόλισι·
1441 2057 1532 2116 καὶ
1570 2057 1781 2135 ταχέως

185 2145 368 2221 σφέας
418 2144 770 2221 παραδωσειν
821 2144 925 2220 τήν
983 2146 1318 2222 ἐλευθερίην·
1372 2145 1513 2223 μηδὲ
1565 2143 1781 2204 ἀνακιν-

185 2229 422 2292 δυνεύειν
475 2233 937 2310 συμβάλλοντας.
1018 2233 1218 2292 τούτου
1263 2234 1367 2310 μέν
1413 2260 1509 2295 νυν
1553 2232 1591 2311 ἦ
1639 2232 1778 2308 αὗτῆ

186 2320 394 2400 ἐγίνετο
421 2320 512 2379 καὶ
538 2321 802 2396 Θηβαίων
827 2318 1036 2400 γνώμη,
1065 2319 1146 2383 ’ὥς
1182 2321 1501 2396 προειδότος
1525 2326 1701 2382 πλεῦν
1724 2347 1780 2380 τι

186 2408 275 2466 καὶ
310 2406 528 2467 τούτου·
569 2407 891 2483 Μαρδονίου
927 2406 987 2465 δὲ
1021 2409 1357 2485 ἰσχυροτέρη
1389 2435 1452 2468 τε
1491 2411 1581 2468 καὶ
1607 2409 1778 2489 ἀγνω-

184 2495 509 2573 μονεστέρη,
538 2496 630 2555 καὶ
657 2488 909 2571 οὐδαμῶς
934 2496 1448 2576 συγγινωσκομένη·
1486 2496 1693 2554 δοκέειν
1719 2520 1779 2554 τε

184 2582 291 2663 γάρ
325 2585 524 2660 πολλῷ
559 2583 842 2659 κρέσσονα
879 2581 1018 2641 εἶναι
1052 2582 1154 2657 τὴν
1190 2581 1472 2657 σφετέρην
1512 2582 1781 2659 στρατιὴν

184 2674 285 2746 τῆς
308 2669 659 2746 Ἑλληνικῆς,
692 2669 1057 2747 συμβάλλειν
1090 2694 1153 2728 τε
1188 2669 1292 2745 τήν
1320 2668 1614 2747 ταχίστην,
1640 2671 1781 2747 μηδὲ

186 2761 449 2835 περιορᾶν
475 2759 925 2839 συλλεγομένους
951 2759 1031 2817 ἔτι
1055 2761 1297 2820 πλεῦνας
1326 2760 1437 2817 τῶν
1472 2762 1783 2836 συλλελεγ-

184 2846 378 2922 μένων·
418 2843 494 2905 wi
516 2871 578 2905 τε
603 2845 828 2926 σφάγια
851 2846 924 2906 τοὶ
948 2845 1411 2925 Ἡγησιστράτου
1431 2848 1528 2906 ἐᾶν
1552 2845 1781 2925 χαίρειν·

187 2934 324 3010 μηδὲ
349 2933 670 3008 βιάζεσθαι,
691 2933 847 2993 ἀλλὰ
871 2933 1022 3012 νόμῳ
1046 2937 1125 3012 τῶ
1152 2932 1418 3009 Περσέων
1442 2931 1784 3012 χρεωμένους

188 3019 569 3097 συμβάλλειν.
649 3020 863 3082 Τούτου
889 3021 949 3079 δὲ
981 3018 1124 3080 οὕτω
1156 3020 1488 3081 δικαιεῦντος
1523 3018 1784 3096 ἀντέλεγε
1801 3018 1878 3076 42

191 3107 452 3178 ουδεὶς,
408 3134 556 3169 ωστε
583 3107 803 3187 ἐκράτεε
833 3110 905 3186 τῇ
936 3105 1257 3188 γνωμῃ·τό
1292 3106 1401 3185 γὰρ
1443 3103 1642 3180 κράτος
1669 3102 1785 3179 εἶχε

190 3222 288 3323 ἾΙΙῖ
317 3195 585 3272 (Πρατιῆς
620 3194 780 3259 οὗτος
824 3199 883 3254 ἐκ
927 3194 1223 3270 βασιλέος,
1267 3190 1397 3250 ἀλλ’
1442 3215 1542 3248 ουκ
1587 3188 1785 3265 Ἀρτά-

286 3284 413 3328 -24
