2100 3409
315 55 413 106 132
926 45 1294 101 ἫΡοΔοΤοτ
1741 50 1930 115 [VII.

309 159 425 195 νον·
467 133 521 193 οἳ
561 130 855 209 διαβάντες
891 134 948 194 ἐς
976 129 1083 206 τήν
1107 129 1386 208 Εὐρώπην
1410 130 1553 190 κατὰ
1588 129 1927 208 Βόσπορον,

310 221 438 285 τούς
462 247 524 281 τε
550 220 794 298 Θρήϊκας
819 218 1273 297 κατεστρέψαντο
1298 217 1510 281 πάντας
1545 219 1637 277 καὶ
1678 219 1774 280 ἐπὶ
1812 219 1927 280 τὸν

309 308 506 370 Ἰόνιον
541 307 747 369 πόντον
784 308 1128 383 κατέβησαν,
1155 306 1325 385 μέχρι
1363 331 1427 372 τε
1458 309 1700 381 Πηνειοῦ
1739 332 1924 366 ποτα·

219 398 287 455 21
309 401 420 473 μοῧ
453 399 554 456 τοῦ
590 393 732 471 πρός
770 394 1136 470 μεσαμβρίης
1171 391 1416 467 ἤλασαν.
1487 390 1666 452 Αὗται
1706 395 1767 452 αἶ
1805 396 1924 452 mi-

310 510 426 554 σαι,
450 484 542 542 καὶ
570 481 680 541 οὐδ’
709 486 756 540 εἴ
784 482 964 558 ἕτεραι
989 480 1130 558 πρὸς
1155 478 1396 558 ταύτῃσι
1419 478 1712 561 γενόμεναι
1739 506 1920 557 στρα-

308 571 595 646 τηλασίαι,
623 572 755 645 μιῆς
790 568 968 644 Ἰτῆσδε
1010 567 1112 627 οὐκ
1138 568 1307 637 ἄξιαι.
1389 567 1452 626 τί
1469 565 1579 647 γάρ
1606 566 1706 626 οὐκ
1731 566 1920 649 ἤγαγε

310 663 371 716 ἐκ
395 661 497 734 τῆς
534 656 733 733 Ἀσίης
760 656 913 719 ἔθνος
940 656 1031 715 ἐπὶ
1055 655 1161 732 τήν
1186 653 1441 714 Ἑλλάδα
1468 654 1713 732 Ξέρξηςς
1757 659 1921 715 κοῖον

309 746 370 804 δὲ
395 744 688 823 πινόμενόν
712 769 811 822 μιν
834 743 978 820 ὕδωρ
1013 742 1114 803 οὐκ
1149 743 1399 812 ἐπέλιπε,
1427 741 1582 817 πλὴν
1604 746 1716 802 τῶν
1740 744 1918 821 μεγά-

309 837 423 893 λων
465 838 763 910 ποταμῶν;
807 836 860 892 οἱ
899 834 1005 908 μὲν
1043 830 1153 912 γοὶρ
1196 832 1323 894 νέας
1361 830 1716 909 παρείχοντο,
1756 834 1811 890 οἱ
1855 831 1918 890 δὲ

311 928 366 984 ἐς
405 922 572 993 πεζόν
599 920 914 1000 ἐτετάχατο·
959 924 1115 979 τοῖσι
1159 919 1220 978 δὲ
1270 920 1439 984 ἵππος
1474 920 1916 995 προσετέτακτο,

244 1057 253 1067 .
308 999 461 1070 τοῗσι
519 1010 578 1069 δὲ
640 1008 939 1089 ἱππαγωγὰ
990 1011 1167 1066 πλοῖα
1221 1006 1338 1083 ἅμα
1392 1008 1913 1084 στρατευομένοισι·

244 1129 249 1132 ·
308 1101 461 1157 τοῖσι
488 1098 546 1157 δὲ
573 1103 627 1160 ἐς
650 1097 751 1159 ταῖς
775 1095 1024 1177 γεφύρας
1047 1094 1265 1173 μακρὰς
1292 1096 1417 1158 νέας
1446 1096 1727 1174 παρέχειν,
1753 1100 1913 1156 τοῖσι

309 1185 368 1245 δὲ
409 1186 543 1246 σῖτά
580 1212 642 1246 τε
682 1184 775 1244 καὶ
813 1184 959 1247 νέας.

212 1277 290 1333 22
390 1275 506 1333 Καὶ
543 1276 709 1334 τοῦτο
734 1275 855 1349 μὲν,
884 1271 954 1335 ὦς
977 1270 1487 1348 προσπταισάντων
1525 1275 1637 1330 τῶν
1674 1271 1912 1348 πρόπαν

308 1360 718 1438 περιπλεόντων
771 1360 898 1436 περὶ
949 1359 1050 1419 τόν
1091 1358 1297 1428 ”Aenum
1352 1358 1785 1436 προετοιμάζετο
1848 1366 1911 1420 ἐκ

306 1452 471 1523 τριῶν
524 1447 684 1505 ἐτέων
737 1471 835 1505 κου
885 1444 1142 1522 μάλιστα
1189 1451 1244 1509 ἐς
1290 1445 1390 1506 τὸν
1423 1444 1638 1507 Ἀθων·
1694 1452 1754 1506 ἐν
1792 1447 1908 1528 γᾶρ

308 1534 637 1594 Ἐλαιοῦντι·
669 1536 771 1610 τῆς
817 1534 1190 1611 Χερσονήσου
1239 1533 1450 1612 ὥρμεον
1494 1534 1763 1612 τριήρεες·
1822 1541 1902 1595 ἐν·

309 1624 498 1684 θεῦτεν
524 1622 583 1681 δὲ
609 1621 961 1700 ὄρμεώμενοι,
993 1620 1252 1699 ὤρυσσον
1286 1621 1398 1682 ὖπδ
1437 1623 1730 1702 μαστίγων
1766 1649 1900 1684 παν-

304 1711 540 1771 τοδαποὶ
577 1714 688 1787 τῆς
705 1715 988 1787 στρατιῆς·
1031 1709 1281 1787 διάδοχοι
1313 1708 1358 1768 δ’
1388 1709 1643 1785 ἐφοίτων.
1727 1709 1903 1786 ὤρυσ-

306 1824 414 1860 σον
441 1800 500 1858 δέ
525 1826 616 1860 και
644 1802 698 1859 οἱ
723 1824 850 1880 περι
875 1798 972 1858 τόν
989 1798 1177 1857 Ἀθων
1204 1797 1608 1874 κατοικημένοι.
1677 1798 1900 1873 Βουβά·

302 1913 403 1964 ρης
445 1887 577 1947 δὲ
545 1915 576 1947 ο
621 1885 985 1969 Μεγαβάζου,
1033 1886 1126 1943 καὶ
1166 1884 1505 1964 Ἀρταχαίης
1547 1912 1582 1943 ο
1623 1883 1897 1962 Ἀρταίου,

304 1973 493 2051 ανδρες
510 1976 749 2051 Πέρσαι,
778 1973 1114 2033 ἐπεστάτεον
1138 1974 1240 2033 τοῦ
1269 1973 1449 2053 ἔργου.
1534 1972 1565 2031 ὁ
1591 1998 1703 2052 γαρ
1720 1971 1899 2038 Ἀθως

306 2063 429 2123 ἐστὶ
475 2061 604 2139 ὅρος
647 2062 795 2139 μέγα
836 2086 899 2119 τε
944 2060 1036 2119 καὶ
1081 2058 1447 2137 οὖνομαστον,
1496 2064 1551 2121 ἐς
1599 2059 1897 2122 θάλασσαν

308 2154 563 2225 κατῆκον,
611 2148 900 2222 οἰκημένον
941 2147 1052 2207 ὖπὸ
1098 2146 1417 2224 ἀνθρώπων·
1460 2151 1532 2225 τῇ
1568 2147 1630 2205 δὲ
1672 2153 1897 2229 τελευτᾷ

306 2242 360 2299 ἐς
384 2236 489 2311 τήν
520 2233 749 2311 ἤπειρον
773 2234 840 2294 τὸ
867 2233 1010 2312 ὅρος,
1037 2235 1500 2315 χερσονησοειδές
1539 2236 1606 2293 τέ
1645 2240 1769 2295 ἐστι
1806 2239 1895 2295 καὶ

307 2322 510 2398 ἰσθμός
539 2323 608 2384 ὦς
634 2321 841 2380 δώδεκα
873 2323 1132 2382 σταδίων·
1174 2322 1365 2382 πεδίον
1401 2322 1462 2381 δὲ
1497 2326 1668 2382 τοῦτο
1696 2324 1783 2382 καὶ
1809 2351 1894 2384 κο-

304 2409 473 2469 λωνοὶ
509 2408 573 2468 οὗ
609 2408 850 2490 μεγάλοι
890 2416 953 2469 ἐκ
995 2401 1297 2485 θαλάσσης
1327 2414 1427 2485 τῆς
1465 2408 1771 2471 Ἀκανθίων
1808 2413 1895 2471 ἐπὶ

305 2497 606 2557 θάλασσαν
656 2498 759 2574 τήν
806 2497 994 2557 ἀντίον
1040 2498 1323 2574 Τορώνης·
1383 2504 1440 2557 ἐν
1488 2498 1675 2577 δὲ·τῷ
1722 2501 1894 2579 ἰσθμῷ

302 2584 493 2663 τούτῳ,
528 2592 582 2648 ἐς
614 2585 713 2645 τόν
740 2589 973 2664 τελευτᾷ
1015 2585 1046 2644 ὁ
1072 2583 1272 2656 Ἀθως,
1304 2585 1454 2662 Σάνη
1485 2586 1654 2650 πόλις
1694 2586 1894 2650 Ἑλλὰς

304 2673 536 2748 οἴκηται·
576 2677 637 2731 ,αἱ
663 2674 723 2732 δὲ
751 2672 904 2736 ἐντός
932 2672 1114 2748 Σάνης
1142 2675 1252 2732 ἔσω
1278 2674 1337 2732 δὲ
1362 2678 1462 2733 τοῦ
1494 2672 1654 2734 Ἀθω
1687 2676 1893 2750 οἶκημέσ

305 2785 409 2829 ναι,
436 2761 537 2822 ταῖς
559 2760 686 2820 τότε
714 2760 746 2819 ὁ
769 2763 999 2838 Πέρσης
1025 2762 1356 2837 νησιώτιδας
1384 2761 1507 2822 ἀντὶ
1532 2762 1895 2839 ἠπειρωτίδων

303 2846 524 2924 ὥρμητο
540 2849 761 2916 ποιέειν,
771 2850 880 2908 εἶσὶ
897 2850 1034 2909 αἵδε·
1054 2848 1893 2926 Δῖον,’ολόφυξος,Ἀκράθωον,

303 2936 546 3006 Θύσσος,
571 2935 845 2994 Κλεωναί·
886 2938 1053 2999 πόλις
1078 2939 1182 3014 μὲν
1202 2936 1382 3008 αὗται,
1406 2937 1465 2996 αἳ
1488 2936 1589 2997 τᾶν
1611 2936 1792 2997 Ἀθων
1817 2938 1897 2998 νέ·

209 3023 284 3080 23
306 3050 521 3099 μονται.
593 3022 890 3100 ’Ὠρυσσον
917 3023 976 3083 δὲ
1004 3022 1128 3084 ὦδε·
1170 3025 1476 3102 δασάμενοι
1505 3025 1609 3087 τὸν
1635 3029 1818 3105 χῶρον
1847 3029 1900 3086 οἱ

302 3111 596 3189 βάρβαροι
625 3109 766 3170 κατοῖ
794 3110 967 3181 ἔθνεα,
987 3112 1128 3172 κατὰ
1145 3113 1332 3190 Σάνην
1356 3114 1528 3174 πόλιν
1555 3117 1900 3193 σχοινοτενὲς

303 3201 694 3276 ποιησάμενοι·
737 3198 854 3288 ἐπεὶ
898 3198 957 3257 δὲ
1001 3200 1218 3278 ἐγένετο
1259 3201 1469 3276 βαθεῖα
1512 3200 1550 3277 ἦ
1593 3200 1806 3278 διώρυξ,
1849 3205 1900 3262 οἱ
