2100 3409
185 54 422 117 ἰτ-ει]
442 56 454 64 ·
825 52 1239 122 ’.ιἘΡΨῐΧοΡΗ.
1748 56 1812 104 3³

190 136 424 212 μοῦνον,
452 128 615 192 ἀλλὰ
637 136 915 212 πανταχῇ,
953 131 992 208 ἦ
1033 131 1297 213 ἰσηγορίη
1332 131 1406 196 ὥς
1441 132 1565 193 ἔστι
1606 137 1804 212 χρῆμα

192 221 531 281 σπουδαῖον·
574 223 624 280 εἰ
649 220 743 279 καὶ
766 219 1057 296 Ἀθηναῖοι
1090 219 1545 298 τυραννευόμενοι
1574 223 1678 296 μὲν
1713 221 1799 281 οὖ-

193 308 386 386 δαμῶν
429 312 545 368 τῶν
587 309 775 384 σφέας
814 307 1232 386 περιοικεόντων
1266 306 1418 384 ἦσαν
1456 333 1530 368 τα
1560 309 1807 385 πολέμια

195 396 475 472 ἀμείνους,
503 394 967 476 ἀπαλλαχθέντες
991 396 1053 456 δὲ
1076 395 1353 474 τυράννων
1376 398 1572 475 μακρῷ
1595 421 1807 473 πρωτοι

196 486 478 564 ἐγένοντο.
561 483 731 560 δηλοῖ
781 483 855 545 ὧν
907 488 1101 554 ταῦτα,
1156 483 1244 544 ὅτι
1297 482 1660 563 κατεχόμενοι
1699 509 1805 560 μεν

154 637 161 644 ,
198 571 573 634 ἐθελοκάκεον
607 571 680 635 ὥς
717 572 966 651 δεσπότῃ
994 572 1370 653 ἐργαζόμενοι,
1420 572 1809 650 ἐλευθερωθέν·

196 685 306 720 των
342 660 405 719 δε
443 685 612 723 αυτος
638 684 876 723 εκαστος
901 664 1081 739 cunm?
1105 661 1453 741 προθυμέετο
1483 660 1806 741 κατεργάζε-

200 748 353 808 σθαι.
445 744 602 807 οὗτοι
641 747 745 825 μέν
784 773 882 808 νυν
918 752 1098 807 ταῦτα
1138 749 1446 825 ἔπρησσον.

279 836 538 912 Θηβαῖοι
573 835 634 895 δὲ
669 835 811 912 μετὰ
844 839 1022 896 ταῦτα
1059 841 1113 899 ἐς
1146 836 1330 896 θεόν”
1301 862 1565 913 επεμπον,
1592 835 1801 912 βουλό·
1825 836 1900 897 79

199 948 359 998 μενοι
385 923 665 983 τίσασθαι
688 922 1036 1000 Ἀθηναίους.
1098 950 1136 999 η
1164 924 1223 982 δὲ
1250 922 1503 999 Πυθίη’
1468 950 1581 983 απο
1609 925 1804 999 σφέων

199 1013 304 1086 μὲν
330 1010 518 1071 αὐτῶν
543 1036 643 1070 ουκ
665 1011 774 1088 ἔφη
792 1011 1016 1072 αὐτοῖσι
1037 1011 1177 1071 εἶναι
1200 1013 1368 1081 τίσιν,
1388 1016 1444 1074 ἐς
1469 1017 1822 1070 ΠΟΛΥΦΗ·

201 1104 385 1159 MON
441 1099 504 1158 δὲ
557 1099 956 1169 ἐξενείκαντας·
976 1100 1196 1159 ἐκέλευε
1247 1104 1406 1158 ΤΩΝ
1457 1098 1807 1163 ἈΓΧΙΣΤΑ

204 1189 567 1252 ΔΕΕΣΘΑῙ.
648 1186 1005 1248 ἀπελθόντων
1046 1186 1121 1247 ὧν
1159 1190 1269 1247 τῶν
1310 1186 1654 1263 θεοπρόπων,
1693 1187 1804 1255 ἐξέ-

205 1281 385 1352 φερον
420 1275 490 1336 vd
524 1275 873 1354 χρηστήριον
908 1275 1077 1351 σῖλίην
1110 1275 1503 1356 ποιησάμενοι·
1546 1273 1617 1336 ὦς
1651 1279 1807 1333 ἐπυν-

206 1363 442 1423 θάνοντο
470 1362 530 1421 δὲ
557 1362 836 1444 λεγόντων
872 1362 1050 1423 αὐτῶν
1091 1368 1249 1423 ΤΩΝ
1284 1361 1636 1426 ἈΓΧῙΣΤΑ
1680 1368 1806 1421 ΔΕ·

204 1453 458 1520 ΕΣΘΑῙ,
490 1450 653 1510 εἶπαν
676 1454 732 1510 οἱ
750 1452 998 1526 Θηβαῖοι
1024 1449 1364 1514 ἀκούσαντες
1387 1448 1613 1511 τούτων·
1656 1460 1691 1486 “
1709 1449 1807 1508 οὐκ

206 1537 280 1598 ὧν
318 1537 574 1620 ἄγχιστα
608 1536 795 1615 ἧμέων
837 1539 1084 1598 οἰκέουσι
1110 1539 1455 1619 Ταναγραῖοί
1478 1563 1542 1599 τε
1570 1538 1664 1597 καὶ
1692 1544 1805 1596 Κο-

204 1630 431 1704 ρωναῖοι
475 1626 568 1685 καὶ
609 1629 896 1696 Θεσπιέες,
932 1627 1023 1684 καὶ
1068 1625 1227 1686 οὗτοί
1261 1652 1328 1707 γε
1370 1624 1489 1703 ἅμα
1530 1625 1667 1702 ἡμῖν
1703 1626 1809 1683 αἰεὶ

203 1714 537 1793 μαχόμενοι,
575 1714 872 1791 προθύμως
914 1715 1358 1791 συνδιαφέρουσι
1392 1714 1492 1774 τὸν
1524 1712 1806 1787 πόλεμον;

204 1802 265 1861 τί
285 1802 375 1861 δεῖ
396 1801 609 1862 τούτων
632 1827 700 1882 γε
727 1801 977 1870 δέεσθαι;
1006 1801 1163 1860 αλλα
1187 1806 1415 1878 μᾶλλον
1439 1799 1521 1876 μὴ
1550 1798 1614 1858 οὗ
1640 1824 1807 1858 τουτο

205 1886 244 1967 ᾖ
265 1889 332 1950 τό
360 1887 765 1967 χρηωήρων.”
847 1893 1092 1949 Τοιαῦτα
1132 1888 1200 1964 δὴ
1236 1886 1658 1968 ἐπιλεγομένων,
1690 1887 1810 1946 εἶπε
1828 1890 1903 1946 80

208 1977 274 2053 δή
316 2003 449 2037 κοτε
489 1976 688 2053 μαθών
727 2002 829 2041 τις·
873 1976 1036 2058 “ε’·γῶ
1079 2001 1179 2053 μοι
1226 1976 1396 2035 δοκέω
1444 1974 1692 2034 συνιέναι
1738 1973 1804 2033 τὸ

208 2066 387 2125 ἐθέλει
417 2065 608 2146 λέγειν
642 2065 778 2141 ἡμῖν
802 2091 870 2125 το
897 2065 1188 2142 μαντήϊον.
1250 2062 1515 2124 Ἀσωποῦ
1546 2065 1810 2143 λέγονται

207 2153 473 2232 γενέσθαι
515 2153 814 2233 θυγατέρες
856 2153 1027 2229 Θήβη
1071 2179 1134 2212 τε
1180 2153 1272 2212 καὶ
1307 2153 1529 2234 Αἴγινα·
1575 2152 1811 2211 τουτέων

208 2239 500 2317 ἀδελφεῶν
542 2241 798 2310 ἐουσέων,
836 2241 1007 2300 δοκέω
1040 2241 1178 2317 ἡμῖν
1205 2238 1549 2321 Ἀἰγινητέων
1583 2237 1809 2299 δέεσθαι

207 2328 302 2388 τόν
327 2329 462 2390 θεόν
485 2332 702 2407 χρῆσαι
725 2328 1120 2405 τιμωρητήρων
1142 2327 1459 2410 γενέσθαι·”
1488 2329 1580 2386 καὶ
1608 2326 1674 2386 οὔ
1700 2326 1809 2408 γάρ

206 2441 287 2480 τις
308 2417 520 2492 ταύτης
545 2416 780 2493 ἀμείνων
804 2416 999 2495 γνώμη
1027 2414 1213 2475 ἐδόκεε
1255 2416 1576 2491 φαίνεσθαι,
1607 2415 1806 2474 αὐτίκα

207 2504 531 2583 πέμψαντες
562 2503 782 2564 ἐδέοντο
812 2504 1166 2584 Αἰγινητέων,
1206 2503 1628 2580 ἐπικαλεόμενοι
1666 2500 1806 2562 κατὰ

206 2593 270 2652 τό
296 2590 650 2672 χρηστήριόν
676 2599 790 2668 σφι
820 2591 1103 2668 βοηθέειν,
1133 2591 1205 2653 ὦς
1242 2590 1441 2650 ἐόντων
1474 2590 1805 2671 ἀγχιστέων·

208 2683 260 2738 οῖ
303 2681 364 2740 δέ
409 2686 525 2756 σφι
556 2680 806 2740 αἰτέουσι
847 2680 1166 2756 ἐπικουρίην
1201 2678 1331 2742 τούς
1370 2679 1637 2741 Αἰακίδας
1670 2704 1812 2754 συμ-

208 2768 448 2846 πέμπειν
478 2770 722 2844 ἔφασαν.
806 2765 1249 2845 Πειρησαμένων
1276 2766 1335 2825 δὲ
1359 2766 1495 2847 [τῶν
1521 2764 1811 2846 Θηβαίων]
1832 2765 1902 2822 81

210 2855 347 2915 κατὰ
395 2856 503 2931 τήν
550 2855 881 2933 συμμαχίην
922 2860 1031 2915 τῶν
1080 2853 1382 2913 Αἰακιδέων
1425 2854 1517 2912 καὶ
1563 2851 1809 2930 τρηχέως

210 2944 620 3021 περιεφθέντων
647 2942 758 3002 ὖπό
786 2946 896 3003 τῶν
920 2942 1246 3017 Ἀθηναίων,
1269 2940 1423 3002 αὖτις
1446 2940 1526 3019 [οἱ
1542 2936 1813 3013 Θηβαῖοι]

212 3031 545 3110 πέμψαντες,
576 3057 704 3093 τους
742 3032 846 3107 μὲν
881 3029 1147 3090 Αἰακίδας
1188 3033 1302 3101 σφι
1341 3026 1679 3084 ἀπεδίδοσαν
1705 3024 1815 3076 τῶν

212 3117 269 3177 δὲ
295 3119 513 3196 ἀνδρῶν
540 3118 776 3178 ἐδέοντο·
820 3122 1114 3198 Αἰγινῆται
1155 3115 1231 3182 δὲ,
1262 3110 1575 3184 εὐδαιμονίῃ
1615 3128 1676 3160 τε
1718 3127 1814 3175 με·-

212 3205 363 3286 γάλῃ
405 3205 754 3284 ἐπαρθέντες,
785 3206 876 3264 καὶ
916 3204 1119 3283 ἔχθρης
1158 3201 1406 3271 παλαιῆς
1434 3184 1813 3264 ἆναμνησθέν·
