2100 3409
271 70 366 117 288
890 63 1259 114 ἮΡοΔοτοτ
1744 65 1869 129 [IX.

268 145 398 209 τούς
459 143 811 222 δαινυμένους
862 144 1110 220 Πέρσας,
1165 144 1258 200 καὶ
1317 142 1419 203 τὸν
1475 142 1726 222 σττρατόν
1774 145 1874 205 τόν

271 234 538 310 ἐλίπομεν
577 234 668 291 ε’πὶ
707 235 784 311 τῷ
822 234 1056 310 ποταμῷ
1096 231 1711 308 στρατοπεδευόμενον;
1752 233 1873 292 τού-

269 348 378 383 των
413 321 631 381 πάντων
662 320 842 398 ὄψεαι,
874 318 1072 399 ὀλίγου
1112 317 1261 381 τινός
1295 317 1504 397 χρόνου
1543 319 1871 396 διελθόντος,

271 408 498 489 ολίγους
522 435 672 471 τινας
706 431 835 470 τους
869 432 1342 487 περιγενομένους.
1456 408 1635 466 ταῦτά
1664 434 1728 467 τε
1760 407 1874 485 ἅμα

271 521 372 556 τον
392 497 624 572 Πέρσην
650 496 854 575 λέγειν,
877 495 968 552 καὶ
992 495 1239 571 μετιέναι
1266 495 1462 553 πολλα
1482 499 1593 555 τῶν
1615 495 1873 573 δακρυων·

274 583 438 646 αὐτὸς
488 583 547 642 δὲ
596 582 861 659 θωμάσας
906 581 1006 642 τόν
1053 582 1245 663 λόγον,
1292 586 1464 642 εἰπεῖν
1508 583 1651 660 πρὸς
1689 583 1873 645 αὐτόν·

258 676 311 708 ’“
328 670 501 731 οὐκῶν
534 671 832 749 Μαρδονίῳ
865 697 928 730 τε
966 674 1144 730 ταῦτα
1182 669 1351 750 χρεόν
1383 676 1508 731 ε’στι
1544 673 1748 752 λέγειν,
1788 673 1877 732 καὶ

270 762 424 820 τοῖσι
452 758 573 837 μετ’
602 761 806 818 ἐκεῖνον
840 763 898 817 ἐν
929 759 1054 835 αἴνῃ
1092 762 1249 818 εὀῦσι
1291 760 1561 835 Περσέων
1577 758 1627 829 ;”
1679 760 1780 820 τὸν
1819 760 1877 819 δὲ

272 847 416 924 μετὰ
438 851 614 906 ταῦτα
647 849 836 906 εἰπεῖν·
879 855 916 881 “
931 845 1086 918 ξεῖνε,
1127 845 1160 905 ὅ
1190 873 1247 906 τι
1278 847 1363 906 δεῖ
1393 848 1661 928 γενέσθαι
1693 852 1756 906 ἐκ
1779 844 1876 907 τοῦ

275 935 405 993 θεοῦ
472 934 759 1013 ἀμήχανον
827 933 1141 1011 ἀποτρέψαι
1208 933 1494 1012 ἀνθρώπῳ·
1578 934 1705 993 οὐδὲ
1827 936 1844 955 “

274 1021 452 1081 πιστᾶ
497 1020 733 1102 λέγουσι
778 1022 957 1081 ἐθέλει
999 1023 1294 1081 πείθεσθαι
1338 1022 1529 1084 οὐδείς·
1599 1027 1776 1082 ταῦτα
1820 1023 1879 1082 δὲ

276 1110 542 1186 Περσέων
600 1108 800 1188 συχνοὶ
865 1109 1224 1185 ἐπιστάμενοι
1293 1108 1541 1185 ἑπόμεθα
1608 1109 1880 1192 ἀναγκαίῃ

278 1197 629 1274 ἐνδεδεμένοι·
673 1198 908 1283 ἐχθίστη
950 1197 1008 1256 δὲ
1053 1195 1216 1272 ὀδύνη
1260 1197 1380 1255 ε’στὶ
1421 1200 1533 1256 τῶν
1574 1224 1635 1256 εν
1675 1197 1879 1275 ἀνθρώ-

276 1311 439 1344 ποισι
486 1285 640 1361 αὕτη,
688 1278 881 1344 πολλὰ
937 1286 1244 1360 φρονέοντα
1296 1286 1529 1362 μηδενος
1583 1288 1850 1362 κρατέειν.

274 1376 450 1431 ταῦτα
476 1375 579 1448 μὲν
603 1376 703 1430 τοῦ
743 1371 1111 1449 Ὀρχομενίου
1143 1372 1499 1449 Θερσάνδρου
1540 1373 1759 1449 ἤκουον,
1788 1376 1880 1436 καὶ

275 1459 406 1518 τάδε
450 1459 590 1535 πρός
640 1457 910 1528 τούτοισι,
954 1459 1025 1523 ὥς
1066 1459 1229 1522 αὗτός
1270 1460 1464 1519 αυτίκα
1503 1462 1668 1541 λέγοι
1706 1467 1881 1523 ταῦτα

276 1545 417 1622 πρὸς
443 1544 761 1623 ἀνθρώπους
793 1546 1066 1624 πρότερον
1095 1545 1134 1623 ἢ
1168 1549 1432 1629 γενέσθαι
1464 1553 1521 1607 ἐν
1550 1554 1880 1628 Πλαταιῇσι

276 1633 379 1708 τὴν
403 1633 610 1713 μάχην-

185 1722 263 1784 1¹7
361 1723 680 1799 Μαρδονίου
711 1722 771 1781 δὲ
808 1728 864 1783 ἐν
894 1727 966 1802 τῇ
1002 1724 1242 1803 Βοιωτίῃ
1278 1718 1877 1802 στρατοπεδευομένου,

279 1811 332 1869 οἳ
383 1812 487 1886 μὲν
540 1809 709 1869 ἄλλοι
761 1812 1096 1890 παρείχοντο
1149 1810 1389 1876 ἅπαντες
1443 1813 1731 1889 στρατιήν,
1786 1814 1878 1872 καὶ

278 1898 672 1972 συνεσέβαλον
699 1903 754 1962 ἐς
776 1898 1018 1982 Ἀθήνας
1042 1898 1277 1974 ὅσοιπερ
1308 1900 1565 1975 ἐμήδιζον
1589 1900 1879 1976 Ἑλλήνων

278 1988 389 2044 τῶν
421 1983 596 2063 ταύτῃ
632 1988 949 2063 οἰκημένων·
991 1990 1190 2062 μοῦνοι
1227 1986 1286 2045 δὲ
1318 1988 1529 2051 Φωκέες
1558 1988 1625 2047 οὗ
1650 1991 1877 2049 συνεσέ-

275 2073 485 2148 βαλον·
549 2072 803 2149 ἐμήδιζον
855 2072 964 2153 γὰρ
1019 2073 1088 2149 δή
1135 2075 1366 2152 σφόδρα
1416 2075 1508 2133 καὶ
1559 2075 1729 2146 οὗτοι,
1776 2076 1877 2136 οὔκ

283 2159 496 2223 ἑκόντες
524 2159 657 2221 ἀλλ’
680 2160 772 2219 ὑπ’
800 2160 1121 2241 ἀναγκαίης·
1162 2164 1408 2240 ἡμέρῃσι
1437 2165 1495 2221 δὲ
1524 2163 1590 2222 οὔ
1620 2168 1878 2243 πολλῇσι

277 2245 419 2322 μετὰ
443 2246 547 2322 τὴν
573 2245 760 2315 ἄπιξιν
785 2248 887 2322 τήν
907 2254 961 2310 ε’ς
989 2248 1192 2325 Θήβας
1210 2250 1462 2327 ὕστερον,
1493 2250 1672 2326 ἦλθον
1697 2250 1878 2312 αὖτῶν

277 2331 506 2391 ὁπλῖται
535 2334 729 2409 χίλιοι·
770 2332 874 2413 ἦγε
907 2335 966 2394 δὲ
1005 2336 1203 2400 αὐτοῦς
1228 2336 1576 2417 Ἀρμοκύδης
1605 2337 1743 2415 α’νὴρ
1766 2342 1879 2399 τῶν

279 2418 467 2478 α’,στῶν
508 2420 895 2496 δοκιμώτατος·
956 2425 1075 2481 ε’πεὶ
1114 2425 1173 2483 δὲ
1215 2427 1453 2484 απίκατο
1496 2427 1589 2484 καὶ
1631 2423 1781 2484 οὗτοι
1823 2431 1879 2489 ἐς

278 2505 491 2589 Θήβας,
518 2508 743 2584 πέμψας
771 2509 802 2569 ὁ
830 2509 1149 2587 Μαρδόνιος
1176 2514 1391 2583 ἱππέας,
1414 2514 1677 2572 ε’κέλευσέ
1694 2518 1881 2587 σφεας

278 2593 363 2652 ἐπ’
404 2597 612 2654 ἑωυτῶν
671 2602 727 2656 ἐν
781 2603 858 2676 τῷ
913 2599 1082 2678 πεδίῳ
1142 2600 1376 2670 ἵζεσθαι·
1447 2602 1567 2659 ἐπεὶ
1613 2601 1672 2660 δὲ
1730 2601 1880 2660 ἑποί-

270 2705 425 2755 ησαν
465 2686 656 2751 ταῦτα,
701 2684 894 2744 αὐτίκα
936 2692 1125 2762 παρῆν
1168 2713 1205 2762 η
1252 2688 1421 2751 ἵππος
1467 2688 1679 2747 ἅπασα·
1734 2688 1884 2765 μετα

279 2767 339 2825 δὲ
379 2771 569 2837 ταῦτα,
612 2769 866 2844 διεξῆλθε
905 2775 1008 2848 μὲν
1064 2772 1154 2832 δια
1208 2778 1310 2833 τοῦ
1357 2776 1737 2852 στρατοπέδου
1775 2781 1883 2837 τοῦ

278 2851 613 2929 Ελληνικοΰ
676 2861 777 2914 τοῦ
836 2884 978 2932 μετα
1041 2860 1251 2936 Μήδων
1314 2862 1499 2926 ἐόντος
1549 2864 1747 2971 :fimum
1808 2865 1884 2929 ὥς

284 2944 631 3001 κατακοντιεῖ
667 2943 866 3016 σφέας·
922 2945 1180 3021 διεξῆλθε
1221 2949 1280 3007 δὲ
1322 2948 1388 3007 δι’
1429 2950 1607 3010 αὐτῶν
1647 2952 1886 3013 Φωκέων

279 3026 452 3088 vdua-<3
487 3032 671 3088 τοῦτο·
713 3030 843 3088 ἔνθα
873 3031 942 3107 δή
980 3040 1094 3108 σφι
1125 3062 1156 3094 ο
1195 3062 1510 3117 στρατηγος
1533 3037 1892 3119 Ἁρμοκύδης

282 3117 542 3190 παραίνεε
583 3117 764 3196 λέγων
803 3116 1007 3177 τοιαδε·
1065 3130 1099 3156 “
1117 3121 1159 3180 ὦ
1200 3126 1426 3194 Φωκέες,
1468 3126 1726 3202 πρόδηλα
1765 3154 1891 3209 γαρ

283 3196 370 3256 ὅτι
408 3201 580 3277 ἤμεας
634 3200 787 3261 οὗτοι
840 3207 893 3261 οἶ
946 3203 1227 3283 ἅνθρωποι
1279 3212 1561 3287 μέλλουσι
1612 3240 1894 3301 ‘upana-tq»
