2100 3409
235 22 331 69 200
603 21 612 30 ·
847 18 1218 68 ἨΡοΔοΤοτ
1411 37 1417 43 -
1666 19 1812 84 [vn.

237 99 328 157 καὶ
371 101 457 177 τῇ
489 97 622 157 Θέτι
669 97 761 155 καὶ
802 101 937 175 τῇσι
990 96 1241 173 Νηρηΐσι
1297 94 1537 168 θύοντες,
1585 98 1822 158 ἔπαυσαν

234 186 468 264 τετάρτῃ
494 185 694 263 ἡμέρῃ·
729 183 765 260 ἢ
793 185 979 247 ἄλλως
1008 213 1112 247 κως
1140 185 1307 249 αὐτὸς
1335 187 1542 245 ἐθέλων
1571 186 1809 251 ἐκόπασε·

233 278 304 352 τῇ
339 274 398 332 δὲ
433 276 565 333 Θέτι
599 273 772 342 ἔθυον,
821 273 1125 350 πυθόμενοι
1165 273 1317 349 παρσῖ
1351 278 1461 333 τῶν
1502 272 1691 361 Ἰᾥνων
1725 274 1812 333 τὸν

234 361 423 442 λόγον,
473 361 544 424 ὥς
598 366 657 419 ἐκ
701 365 805 420 τοῦ
859 360 1043 439 χώρου
1097 361 1296 420 τούτου
1353 361 1667 438 ἁρπασθείη
1714 361 1813 420 ὖπό

234 452 473 524 Πηλέος,
512 451 596 524 εἴη
630 475 692 508 τε
729 447 924 507 ἅπασα
959 448 997 524 ἦ
1029 449 1170 524 ἀκτή
1207 449 1243 524 ἧ
1284 449 1501 524 Σηπιὰς
1542 450 1731 525 ἐκείνης
1757 476 1816 508 τε

235 539 326 595 καὶ
357 542 464 596 τῶν
491 536 683 595 ἄλλων
718 538 1031 614 Νηρηΐδων·
1077 537 1108 595 ὅ
1139 539 1241 613 μὲν
1275 536 1342 611 δή
1385 537 1618 616 τετάρτῃ
1653 537 1820 615 ἡμέρῃ

145 626 254 683 192
274 626 567 684 ἐπέπαυτο.
650 629 817 685 Τοῖσι
853 626 911 683 δὲ
935 625 1193 701 Ἕλλησι
1231 629 1284 685 οἱ
1308 625 1691 702 ἡμεροσκόποι
1714 625 1819 685 dm?

232 717 339 772 τῶν
393 712 572 790 ἄκρων
609 717 721 773 τῶν
772 712 1068 788 Εὐβοϊκῶν
1121 714 1565 790 καταδραμόντες
1613 715 1823 792 δευτέρῃ

232 799 409 878 ἡμέρῃ
436 800 530 859 ἀπ’
557 799 625 876 ἧς
651 801 683 860 ὅ
715 800 924 880 χειμῶν
950 801 982 860 ὁ
1010 796 1227 877 πρῶτος
1269 803 1503 882 ἐγένετο,
1534 803 1824 878 ἐσήμαινον

232 887 414 948 πάντα
458 889 532 948 ταῖ
576 889 849 971 γενόμενα
894 891 1021 967 περὶ
1061 890 1165 966 τὴν
1214 891 1499 971 ναυηγίην·
1572 895 1625 950 οἱ
1665 892 1720 949 δὲ
1759 891 1827 955 ὥς

233 976 519 1046 ἐπύθοντο,
538 977 880 1037 Ποσειδέωνι
895 978 1113 1053 Σωτῆρι
1143 978 1444 1054 εὐξάμενοι,
1470 980 1561 1037 καὶ
1588 979 1828 1041 σπονδᾶς

232 1064 582 1143 προχέαντες,
625 1065 727 1141 τήν
760 1067 1037 1146 ταχίστην
1075 1065 1256 1124 ὀπίσω
1291 1064 1591 1146 ἠπείγοντο
1637 1067 1725 1125 ἐπὶ
1763 1067 1832 1127 τό

229 1150 604 1229 Ἀρτεμίσιον·
649 1154 979 1216 ἐλπίσαντες
1007 1153 1205 1234 ὀλίγας
1231 1152 1384 1216 τινάς
1412 1161 1526 1229 σφι
1554 1154 1831 1223 ἀντιξόους

232 1240 466 1301 ἔσεσθαι
490 1242 635 1305 νέας.
718 1245 771 1301 οἱ
794 1244 898 1318 μὲν
925 1241 992 1316 δή
1021 1241 1088 1300 τό
1124 1241 1378 1317 δεύτερον
1407 1242 1676 1315 ἐλθόντες,
1706 1244 1832 1319 περὶ

232 1327 297 1385 τὰ
341 1326 698 1405 Ἀρτεμίσιον
746 1319 1092 1407 ἐναυλόχεον,
1147 1329 1529 1393 Ποσειδέωνος
1579 1330 1833 1406 Σωτῆρος

234 1417 541 1491 ἐπωνυμίην
569 1416 679 1474 ἀπὸ
705 1415 905 1474 τούτου
933 1418 1012 1474 ἔτι
1040 1417 1132 1474 καὶ
1160 1422 1213 1479 ἐς
1238 1417 1366 1476 τόδε
1393 1419 1719 1492 νομίζοντες.

141 1502 253 1557 193
341 1503 415 1559 Οἱ
441 1500 501 1560 δὲ
525 1501 833 1579 βάρβαροι,
859 1501 929 1566 ὥς
956 1503 1245 1563 ἐπαύσατό
1271 1531 1334 1564 τε
1360 1503 1393 1563 ὅ
1420 1503 1621 1582 ἄνεμος
1649 1507 1740 1565 καὶ
1764 1506 1833 1566 τὸ

234 1592 379 1664 κῦμα
432 1590 689 1670 ἔστρωτο,
749 1592 1214 1654 κατασπάσαντες
1282 1593 1382 1655 τοὶς
1445 1597 1581 1668 νῆας
1634 1595 1836 1654 ἔπλεον

231 1676 385 1754 παρὰ
434 1676 539 1755 τὴν
590 1677 837 1756 ἤπειρον·
905 1678 1225 1757 κάμψαντες
1272 1681 1331 1739 δὲ
1377 1679 1481 1756 τήν
1523 1679 1694 1758 ἄκρην
1731 1685 1837 1757 τῆς

233 1767 584 1846 Μαγνησίης,
640 1768 812 1827 ἰθεῖαν
859 1769 1059 1826 ἔπλεον
1102 1773 1156 1830 ἐς
1195 1764 1295 1827 τ’ὂν
1337 1768 1550 1829 κόλπον
1590 1768 1685 1829 τὸν
1741 1769 1834 1827 ἐπὶ

233 1855 547 1934 Παγασέων
595 1856 857 1932 φέροντα.
943 1857 1064 1915 ἔστι
1106 1856 1165 1914 δὲ
1204 1861 1385 1935 χῶρος
1427 1862 1485 1916 ἐν
1523 1861 1600 1935 τῷ
1641 1855 1834 1935 κόλπῳ

233 1939 409 2020 τούτῳ
446 1946 547 2018 τῆς
588 1944 936 2029 Μαγνησίης,
971 1944 1102 2003 ἔνθα
1143 1945 1369 2024 λέγεται
1407 1943 1509 2003 τόν
1547 1943 1834 2020 Ἡρακλέα

232 2030 674 2104 καταλειφθῆναι
704 2029 814 2090 ὖπό
838 2029 1093 2107 Ἰήσονός
1132 2057 1194 2090 τε
1227 2031 1317 2090 καὶ
1354 2036 1464 2091 τῶν
1497 2032 1833 2107 συνεταίρων

232 2119 293 2173 ἐκ
332 2120 432 2190 τῆς
474 2116 710 2196 Ἀργοῦς
754 2115 838 2174 ἐπ’
885 2117 1028 2195 ὕδωρ
1077 2119 1421 2195 πεμφθέντα,
1474 2117 1580 2177 εὖτ’
1628 2118 1717 2175 ἐπὶ
1761 2117 1830 2177 τὸ

230 2207 372 2265 κῶας
412 2204 614 2261 ἔπλεον
653 2207 708 2264 ἐς
748 2203 891 2263 Αἶαν
929 2205 1032 2280 τὴν
1073 2199 1355 2284 Κολχίδα·
1435 2206 1680 2265 ἐνθεῦτεν
1718 2204 1830 2284 γὰρ

230 2282 471 2366 ἔμελλον
509 2288 908 2367 ὑδρευσάμενοι
951 2297 1005 2355 ἐς
1044 2292 1110 2351 τό
1147 2293 1394 2372 πέλαγος
1430 2291 1693 2368 ἀφήσειν·
1738 2293 1830 2350 ἐπὶ

228 2375 428 2436 τούτου
479 2376 539 2435 δὲ
588 2381 666 2456 τῷ
709 2378 869 2458 χώρῳ
923 2378 1134 2456 οὕνομα
1186 2380 1383 2461 γέγονε
1432 2377 1685 2455 Ἀφέται.
1769 2383 1831 2438 ἐν

228 2463 403 2542 Ιτούτῳ
432 2463 506 2524 ὦν
532 2463 709 2542 ὅρμον
737 2469 790 2525 οἱ
815 2466 1031 2544 Ξέρξεω
1060 2471 1363 2527 ἐποιεῦντο.

140 2552 254 2632 194
337 2553 738 2612 Πεντεκαίδεκα
792 2554 853 2613 δὲ
902 2559 1012 2614 τῶν
1065 2559 1209 2631 νηῶν
1248 2555 1484 2616 τουτέων
1531 2553 1726 2635 ἔτυχόν
1764 2581 1829 2614 τε

228 2637 463 2698 ὕσταται
493 2641 715 2701 πολλὰν
747 2642 1157 2720 ἐξαναχθεῖσαι,
1186 2645 1282 2702 καί
1315 2669 1419 2707 κως
1450 2643 1699 2703 κατεῖδον
1728 2642 1830 2706 τὰς

231 2726 315 2784 ἐπ’
342 2725 674 2806 Ἀρτεμισίῳ
699 2732 809 2787 τῶν
833 2728 1125 2805 Ἑλλήνων
1150 2735 1301 2805 νῆας,
1326 2730 1518 2800 ἔδοξάν
1543 2756 1606 2790 τε
1635 2731 1701 2806 δὴ
1728 2730 1828 2793 τὰς

228 2815 507 2891 σφετέρας
544 2814 680 2872 εἶναι
717 2818 771 2873 οἱ
794 2816 1105 2893 βάρβαροι,
1135 2818 1227 2875 καὶ
1261 2818 1527 2881 πλέοντες
1555 2820 1829 2877 ἐσέπεσον

210 2905 284 2964 ,ἐς
321 2901 451 2965 τούς
488 2902 810 2977 πολεμίους·
863 2907 974 2963 τῶν
1014 2904 1353 2987 ἐστρατήγεε
1394 2905 1426 2966 ὁ
1467 2905 1581 2965 ‹in-d
1632 2905 1830 2982 Κύμης

228 2993 328 3064 τῆς
372 2989 634 3053 Αἰολίδος
673 2987 924 3069 ὕπαρχος
967 2992 1258 3067 Σανδώκης
1294 2994 1325 3053 ὁ
1371 2993 1690 3069 Θαμασίου·
1731 2993 1833 3053 τὸν

231 3074 299 3150 δὴ
344 3077 618 3156 πρότερον
661 3075 869 3138 τούτων
912 3079 1193 3156 βασιλεῦς
1239 3086 1492 3158 Δαρεῖος,
1549 3080 1633 3166 ἐπῗ
1683 3082 1834 3159 αἰτίῃ

229 3165 411 3239 τοιῇδε
450 3166 651 3244 λαβών
690 3165 1097 3240 ἀνεσταύρωσε,
1146 3168 1308 3228 ἐόντα
1354 3174 1464 3229 τῶν
1509 3169 1835 3247 βασιληΐων
