2100 3409
160 75 470 140 138—140]
865 74 1093 126 Eum.
1675 77 1774 128 117

151 155 451 233 προτέρου
475 151 685 213 τούτων
707 151 776 213 τὰ
802 153 1115 234 ἐργάσαντο
1140 154 1199 212 αἱ
1222 156 1475 235 γυναῖκες
1496 152 1627 217 τούς
1656 152 1775 231 ἅμα

151 242 382 302 Θόαντι
423 239 626 316 ἄνδρας
664 241 971 317 σφετέρσυς
1009 239 1426 311 ἀποκτείνασαι,
1454 240 1775 317 νενόμισται

150 328 270 387 οἷνοὶ
314 327 425 403 τὴν
458 325 715 386 Ἑλλάδα
754 326 825 387 τοὶ
869 327 1114 407 σχέτλια
1153 328 1287 408 ἔργα
1328 327 1512 389 πάντα
1545 327 1769 404 Λήμνια

152 415 500 475 καλέεσθαι.
586 413 979 475 Ἀποκτείνασι
1042 415 1105 475 δὲ
1157 418 1310 475 τοῖσι
1363 417 1730 495 Πελασγοῖσι
1753 417 1865 475 139

150 504 294 566 τοῦς
338 503 656 578 σφετέρους
697 500 901 565 παῖδάς
942 528 1006 562 τε
1053 503 1146 561 καὶ
1186 506 1465 583 γυναῖκας,
1513 501 1640 562 οὔτε
1689 506 1768 584 γῆ

151 590 390 668 :capa-611
424 591 592 667 ἔφερε
624 588 753 649 οὔτε
785 590 1039 670 γυναῖκές
1072 615 1136 651 τε
1171 591 1263 649 καὶ
1302 593 1535 667 ποῖμναι
1569 589 1771 668 ὁμοίως

151 680 386 739 &mov
405 678 499 737 καὶ
518 678 630 754 πρό
649 682 769 737 τοῦ·
802 677 1120 754 πιεζόμενοι
1144 679 1205 738 δὲ
1230 683 1378 757 λιμῷ
1399 704 1462 738 τε
1490 680 1581 738 καὶ
1605 678 1769 738 α’παι·

149 766 270 846 δίῃ,
296 771 357 829 ἐς
377 765 645 843 Δελφοῦς
664 766 913 842 ἔπεμπον
937 765 1107 826 λῦσιν
1131 764 1255 826 τινὰ
1281 767 1636 844 αἰτησόμενοι
1661 771 1771 826 τῶν

150 854 489 932 παρεόντων
521 857 720 913 κακῶν·
760 852 799 930 ἦ
831 853 905 914 δὲ,
920 854 1109 931 Πυθέη
1149 855 1334 930 σφέας
1364 855 1581 914 ἐκέλευε
1602 854 1768 930 Ἀθη-

151 943 381 1001 ναίοισι
421 940 577 1004 δίκας
601 940 810 1001 διδόναι
834 940 1038 1005 ταύτας
1062 941 1163 1005 τὰς
1187 940 1258 1001 ἂν
1287 941 1444 1002 αὐτοὶ
1480 940 1770 1019 Ἀθηναῖοι

151 1027 465 1088 δικάσωσι·
505 1027 688 1104 ἦλθόν
712 1053 774 1088 τε
801 1027 869 1104 δὴ
898 1033 954 1092 ἐς
978 1029 1079 1092 τσῖς
1100 1027 1342 1105 Ἀθήνας
1368 1033 1422 1089 οἶ
1448 1030 1765 1110 Πελασγοὶ,

154 1116 257 1174 καὶ
301 1116 460 1180 δίκας
494 1116 915 1198 ἐπαγγέλλοντο
941 1116 1286 1193 βουλόμενοι
1326 1115 1534 1176 διδόναι
1559 1117 1766 1178 παντός

152 1206 266 1263 τοῦ
300 1201 661 1280 ἀδικήματος·
699 1201 990 1280 Ἀθηναῖοι
1017 1203 1080 1261 δὲ
1107 1208 1164 1262 ἐν
1188 1207 1266 1282 τῷ
1291 1203 1604 1281 πρυτανηΐῳ
1647 1204 1763 1262 κλί-

156 1315 265 1367 νην
305 1291 666 1369 στρώσαντες
706 1290 780 1355 ὦς
820 1290 974 1370 εἶχον
1017 1289 1318 1362 κάλλιστα,
1358 1290 1449 1349 καὶ
1489 1291 1765 1367 τράπεζαν

155 1378 441 1455 ἐπιπλέην
467 1378 692 1460 ἀγαθῶν
715 1377 935 1439 πάντων
960 1379 1313 1455 παραθέντες,
1345 1379 1596 1438 ἐκέλευον
1633 1378 1763 1442 τούς

158 1466 509 1546 Πελασγοΰς
532 1465 638 1542 τήν
661 1466 849 1546 χώρην
874 1466 1052 1541 σφίσι
1071 1466 1430 1543 παραδιδόναι
1449 1466 1588 1527 οὕτω
1608 1468 1761 1547 ἔχου-

157 1579 294 1614 σαν·
339 1557 394 1613 οἱ
435 1553 495 1613 δὲ
538 1553 840 1635 Πελασγοὶ
880 1553 1270 1629 ὑπολαβόντες
1315 1554 1493 1614 εἶπαν·
1541 1564 1578 1590 “
1593 1555 1760 1614 ἐπεοὶν
1790 1610 1808 1624 ,

155 1639 412 1720 βορέῃ’
373 1642 560 1721 ανέμῳ
585 1640 898 1718 αυτημερόν
924 1645 1055 1718 νηῦς
1082 1641 1374 1720 ἐξανύσῃ’
1350 1667 1409 1700 εκ
1433 1646 1533 1717 τῆς
1571 1641 1758 1719 υμετέ-

154 1755 263 1806 ρης
308 1734 367 1792 ἐς
409 1728 517 1806 τήν
556 1728 844 1838 ημετέρην,
887 1727 1015 1789 τότε
1057 1727 1514 1806 παραδωσομεν·’β
1590 1733 1758 1789 τοῦτο

104 1821 125 1838 ’
158 1816 342 1887 εἶπαν,
383 1815 746 1894 ἐπιστάμενοι
783 1820 948 1876 τοῦτο
996 1815 1135 1875 εἶναι
1173 1813 1439 1874 ἀδύνατον
1475 1816 1758 1894 γενέσθαι·

154 1902 198 1980 ἧ
231 1931 343 1985 γαρ
365 1903 595 1981 Ἀττικη
625 1930 765 1981 προς
792 1903 954 1964 νότον
996 1904 1177 1962 κέεται
1216 1902 1438 1960 πολλὸν
1476 1905 1576 1977 τῆς
1601 1900 1756 1977 Λήμ-

155 2018 277 2052 νου.
358 1991 488 2053 τότε
528 1994 631 2069 μὲν
659 1995 929 2052 τοσαῦτα·
973 1993 1124 2051 ἔτεσι
1151 1989 1210 2049 δὲ
1237 1988 1413 2066 κάρτα
1438 1992 1714 2048 πολλοῖσι
1739 1992 1851 2048 140

154 2078 398 2158 ὕστερον
436 2079 660 2150 τούτων,
689 2078 760 2142 ὥς
798 2079 836 2155 ἦ
862 2077 1229 2157 Χερσόνησος
1253 2076 1291 2152 ἦ
1318 2081 1376 2136 ἐν
1399 2075 1757 2152 Ἑλλησπόν-

154 2192 238 2247 τῳ
272 2169 490 2249 ἐγένετο
529 2166 620 2226 ὕπ’
655 2167 1023 2243 Ἀθηναίοισι,
1052 2163 1367 2242 Μιλτιάδης
1408 2163 1441 2226 ὅ
1482 2165 1752 2243 Κίμωνος,

157 2257 427 2331 ἐτησιέων
470 2254 684 2330 ἀνέμων
736 2252 1154 2330 κατεστηκότων
1199 2253 1290 2330 νηῒ
1336 2253 1650 2317 κατανύσας
1697 2254 1760 2323 ἐξ

153 2339 521 2405 Ἐλαιοῦντος
548 2346 649 2401 τοῦ
690 2346 748 2402 ἐν
775 2340 1125 2421 Χερσονήσῳ
1158 2346 1212 2404 ἐς
1237 2344 1487 2417 Λῆμνον,
1514 2341 1754 2421 προηγό-

152 2455 284 2508 ρευε
326 2430 528 2500 ἐξιέναι
573 2434 633 2488 ἐκ
673 2432 776 2504 τῆς
816 2428 993 2504 νήσου
1016 2432 1178 2496 ,τοῖσι
1215 2432 1594 2511 Πελασγοῖσι,
1628 2427 1756 2488 οἴνα-

152 2516 490 2595 μμνήσκων
509 2518 694 2592 σφέας
718 2516 784 2577 τὸ
811 2514 1157 2595 χρηστήριον
1173 2514 1242 2576 τὰ
1264 2514 1481 2592 οὐδαμὰ
1504 2514 1757 2591 ἤλπισαν

154 2605 338 2679 σφίσι
366 2606 420 2662 οἱ
447 2604 748 2685 Πελασγοὶ
774 2603 1177 2663 ἐπιτελέεσθαι.
1255 2601 1621 2677 Ἡφαιστιέες
1654 2604 1758 2679 μέν

156 2716 254 2751 νυν
303 2691 612 2750 ἐπείθοντο.
687 2693 988 2768 Μυριναῖοι
1035 2689 1093 2749 δὲ
1135 2688 1200 2748 οὖ
1247 2689 1759 2770 συγγινωσκόμενοι

156 2778 299 2837 εἶναι
337 2778 444 2853 τήν
469 2777 840 2855 Χερσόνησον
875 2776 1137 2851 Ἀττικὴν
1173 2777 1611 2852 ἐπολιορκέοντο,
1642 2781 1698 2840 ἐς
1725 2776 1757 2835 ὂ

157 2867 252 2924 καὶ
289 2864 455 2924 αυτοὶ
493 2866 877 2942 παρέστησαν
919 2890 1062 2924 ουτω
1103 2862 1172 2941 δὴ
1202 2864 1307 2941 τήν
1329 2866 1561 2940 Λῆμνον
1585 2864 1758 2942 ἔσχον

154 2949 455 3081 'AOmicgfot
472 2977 535 3013 τε
562 2951 655 3011 καὶ
680 2950 1012 3028 Μιλτιάδης.
