2100 3409
240 72 467 141 41—45]
859 73 1265 128 wnpmxopn.
1796 78 1860 128 19

242 153 426 213 Λαΐου
458 157 743 232 χρησμῶν
765 152 1116 230 Ἠρακληΐην
1151 156 1255 229 τήν
1290 159 1349 214 ε’ν
1381 155 1614 236 Σικελίῃ
1641 156 1857 228 κτίζειν,

154 236 160 240 ⁴
243 240 365 317 φας
394 240 501 318 τήν
526 239 772 318 Ἔρυκος
809 240 998 319 χώρην
1028 246 1223 302 πᾶσαν
1260 242 1399 302 εἶναι
1423 241 1855 319 Ἠρακληῖὃέων,

242 328 417 412 αὐτοῦ
441 329 759 407 Ἡρακλέος
791 331 1163 407 κτησαμένου.
1246 329 1280 390 ὅ
1317 329 1443 389 δὲ’
1407 331 1654 394 ακούσας
1678 336 1852 391 ταῦτα

241 421 304 479 ἐς
349 415 623 493 Δελφους
665 418 852 497 οἴχετο
903 417 1257 497 χρησόμενος
1301 422 1379 498 τῷ
1417 419 1758 499 χρηστηρίῳ,
1808 424 1857 479 εἷ

241 507 418 582 αἱρέει
449 504 533 565 ἐπ’
564 504 636 581 ἣν
669 507 973 566 στέλλεται
1001 505 1213 584 χῶρην;
1263 505 1301 581 ἠ
1342 479 1403 566 δὲ
1435 508 1624 583 Πυθίη
1658 510 1712 566 οἱ
1741 510 1856 587 χρᾷ

242 593 523 670 αἱρήσειν·
565 593 921 670 παραλαβων
956 593 1078 653 δὲ’
1046 621 1078 653 ο
1112 594 1356 672 Δωριεῦς
1389 621 1488 655 τον
1516 595 1731 655 στόλον
1754 596 1854 655 τόν

242 681 340 739 καὶ
389 687 443 745 ἐς
490 679 718 759 Λιβύην
760 680 881 763 ἦγε,
928 682 1211 759 ἐκομίζετο
1250 682 1403 759 *trapa*
1444 683 1549 759 τήν
1586 682 1850 759 Ἰταλίην.

239 769 359 828 Τὸν
386 769 591 848 χρόνον
617 769 678 828 δὲ
702 774 916 840 τοῦτον,
945 769 1016 833 ὥς
1042 771 1281 851 λέγουσι
1308 771 1637 848 Συβαρῖται,
1666 772 1851 847 σφέας
1866 773 1945 830 44

235 882 305 915 τε
333 856 533 921 αὐτοῦς
573 859 667 916 καὶ
701 861 890 934 Τῆλυν
922 858 1024 918 τόν
1060 862 1271 919 ἑωυτῶν
1300 859 1557 934 βασιλέα
1582 860 1673 919 ε’πὶ
1702 858 1849 936 Κρό-

232 970 389 1003 τωνα
428 948 663 1022 μέλλειν
702 944 1130 1023 στρατεύεσθαι·
1188 945 1319 1009 τους
1358 947 1418 1006 δὲ
1458 946 1847 1023 Κροτωνιήτας

237 1033 527 1108 περιδεέας
550 1035 895 1115 γενομένους,
924 1034 1187 1110 δεηθῆναι
1213 1036 1456 1112 Δωριέος
1481 1036 1657 1111 σφίσι
1682 1061 1846 1112 τιμω-

233 1125 417 1198 ρῆσαι
453 1122 545 1180 καὶ
579 1125 769 1200 τυχεῖν
804 1120 1117 1197 δεήθεντας.
1159 1122 1648 1198 συστρατεύεσθαί
1677 1148 1741 1182 τε
1777 1122 1845 1198 δὴ

237 1209 333 1267 ἐπὶ
353 1208 607 1286 Σύβαριν
624 1210 842 1287 Δωριέα
863 1210 955 1268 καὶ
975 1213 1233 1270 συνελεῖν
1249 1209 1355 1285 τὴν
1375 1209 1644 1286 Σύβαριν.
1671 1214 1846 1268 ταῦτα

231 1298 346 1373 μέν
377 1322 476 1357 νυν
508 1298 822 1374 Συβαρῖται
853 1297 1090 1378 λέγουσι
1121 1300 1361 1372 ποιῆσαι
1397 1298 1614 1374 Δωριέα
1651 1324 1715 1358 τε
1752 1298 1844 1356 καὶ

231 1385 368 1448 τούς
390 1385 510 1461 μετ’
537 1385 728 1445 αὐτοῦ·
783 1390 1168 1463 Κροτωνιῆται
1194 1386 1255 1445 δὲ
1282 1383 1476 1446 οὐδένα
1495 1387 1672 1461 σφίσι
1693 1387 1842 1461 φασὶ

234 1475 420 1543 ξεῖνον
455 1475 997 1551 προσεπιλαβέσθαι
1025 1477 1130 1534 τοῦ
1160 1499 1302 1552 προς
1334 1476 1654 1551 Συβαρίτας
1671 1476 1839 1534 πολέ·

231 1587 365 1638 μου,
406 1565 453 1621 εἰ
487 1586 569 1639 μη
606 1563 874 1638 Καλλίην
905 1564 1016 1622 τῶν
1054 1560 1338 1639 Ἰαμιδέων
1375 1561 1574 1640 μα’ντιν
1611 1561 1842 1621 Ἠλεῖον

230 1652 462 1726 μοῦνον,
495 1650 587 1708 καὶ
612 1652 813 1709 τοῦτον
842 1647 1033 1729 τρόπῳ
1063 1650 1274 1729 τοιῷδε·
1313 1650 1469 1727 παρὰ
1494 1649 1714 1724 Τήλυος
1738 1676 1839 1709 του

234 1738 598 1816 Συβαριτέων
648 1738 916 1815 τυράννου
968 1736 1288 1814 ἅποδραντα
1337 1737 1639 1797 ἀπικέσθαι
1689 1763 1843 1814 παρα

232 1826 437 1899 σφέας,
496 1826 622 1884 ε’πεί
669 1851 732 1884 τε
783 1828 837 1884 οἱ
888 1850 962 1884 τα
1010 1824 1103 1902 ἱρα
1150 1822 1215 1882 οὗ
1254 1822 1572 1901 προεχώρεε
1615 1849 1840 1901 χρηστα

234 1913 542 1992 θυομένῳ’
516 1913 608 1972 επὶ
638 1912 925 1990 Κρότωνα.
1006 1916 1187 1971 ταῦτα
1212 1908 1340 1970 δε’
1299 1935 1373 1968 ων
1398 1907 1554 1969 οὗτοι
1583 1911 1837 1991 λέγουσι.
1886 1947 1893 1953 ·

233 2001 534 2078 Μαρτύρια
576 2001 635 2059 δε
674 2001 881 2060 τούτων
927 1999 1176 2076 εκάτεροι
1222 1997 1645 2058 αποδεικνύουσι
1687 1997 1837 2058 τάδε·
1853 2001 1935 2061 45

231 2090 552 2166 Συβαρῖται
588 2091 693 2164 μὲν
715 2088 941 2165 τέμενός
972 2113 1036 2148 τε
1074 2089 1167 2147 καὶ
1193 2088 1327 2163 νηὸν
1363 2086 1526 2147 ἐόντα
1561 2088 1715 2164 παρσῖ
1739 2087 1839 2148 τὸν

230 2178 401 2253 ξηρὸν
433 2176 708 2253 Κράστιν,
727 2176 827 2237 τὸν
855 2175 1195 2254 ἱδρύσασθαι
1215 2174 1526 2235 συνελόντα
1543 2174 1649 2250 τὴν
1667 2176 1838 2235 πόλιν

229 2265 455 2341 Δωριέα
472 2266 710 2344 λέγουσι
722 2262 1037 2342 Ἀθηναίῃ’
1014 2263 1274 2341 επωνῦμῳ
1293 2263 1574 2342 Κραστίῃ·
1594 2288 1761 2322 τουτο
1778 2264 1838 2322 δὲ

226 2342 403 2405 αὐτοῦ
431 2346 677 2423 Δωριέος
699 2343 800 2404 τᾶν
828 2344 1067 2405 θάνατον
1091 2343 1393 2421 μαρτύριον
1419 2344 1691 2423 μέγιστον
1715 2370 1837 2403 ποι·

227 2437 435 2504 εῧνται,
463 2433 551 2494 ὅτι
576 2457 732 2510 παρα
754 2459 826 2493 τα
851 2433 1271 2510 μεμαντευμένα
1302 2431 1505 2490 ποιέων
1539 2431 1831 2508 διεφθάρη·

228 2525 283 2581 εἰ
323 2547 437 2602 γαρ
477 2521 544 2598 δη
587 2520 669 2598 μή
711 2520 1031 2598 παρέπρηξε
1075 2519 1248 2597 μηδεν
1293 2517 1378 2578 ἐπ’
1424 2516 1468 2596 ᾧ
1513 2519 1574 2578 δὲ
1619 2518 1837 2596 ἐστάλη

226 2612 430 2680 ε’ποίεε,
460 2608 578 2668 εἷλε
615 2605 684 2668 ἂν
716 2608 823 2685 τήν
850 2608 1142 2686 Ἐρυκίνην
1179 2606 1367 2686 χώρην
1409 2606 1501 2665 καὶ
1537 2606 1678 2666 ἑλῶν
1709 2633 1835 2666 κατ-

227 2697 386 2777 έσχε,
416 2695 532 2757 οὐδ’
560 2694 630 2757 ἂν
656 2695 820 2759 αὐτός
843 2723 906 2757 τε
934 2695 1026 2754 καὶ
1048 2695 1087 2771 ἦ
1114 2694 1352 2772 στρατιὴ
1381 2693 1678 2771 διεφθάρη.
1707 2699 1761 2754 οἱ
1786 2694 1834 2754 δ’

224 2783 299 2844 αὖ
325 2788 714 2862 Κροτωνιῆται
739 2782 1097 2844 ἀποδεικνῦσι
1132 2783 1367 2862 Καλλίῃ
1400 2783 1504 2859 μὲν
1527 2786 1606 2860 τῷ
1629 2780 1837 2862 Ἠλείῳ

226 2872 488 2950 ἐξαίρετα
515 2878 574 2932 ἐν
564 2876 687 2984 ’,γῇ
700 2877 773 2950 τῇ
803 2870 1215 2949 Κρωτωνιήτιδι
1243 2869 1440 2929 πολλὰ
1465 2870 1713 2938 δοθέντα,
1743 2870 1836 2947 (τά

226 2961 320 3020 καὶ
349 2966 405 3025 ἐς
433 2961 589 3037 ipe*
561 2984 641 3019 ετι
662 2959 918 3035 ε’νέμοντο
940 2986 993 3018 οι
975 2955 1336 3017 ’Καλλίεω’
1301 2956 1587 3036 απόγονοι,
1589 2956 1614 3034 )
1635 2955 1840 3028 Δωριέῖ

226 3048 288 3108 δὲ
309 3049 403 3108 καὶ
422 3051 579 3108 τοῖσι
601 3049 842 3123 Δωριέος
862 3045 1198 3127 απογόνοισι
1220 3043 1397 3104 ουδέν·
1426 3043 1605 3100 καίτοι
1631 3043 1679 3094 εἰ
1704 3062 1833 3094 συν-

229 3135 551 3214 επελιίβετό
591 3161 659 3216 γε
704 3139 804 3194 τοῦ
853 3136 1229 3210 Συβαριτικοῦ
1272 3130 1529 3203 πολέμου
1576 3119 1833 3228 Δωριευς,

227 3223 513 3302 δοθῆναι”
476 3248 546 3284 αν
562 3249 617 3283 οι
598 3217 1107 3290 ’πολλαπλάσια
1072 3246 1110 3295 η
1129 3216 1375 3290 Καλλίῃ.
1422 3214 1598 3268 mora
1610 3206 1716 3281 μέν
1735 3230 1832 3264 WV
