2100 3409
160 33 414 100 ‚sl-98]
812 17 1225 92 ‘mmmmm‘
1535 53 1548 64 ·
1708 42 1797 94 m

177 116 291 177 κᾶν
347 115 520 185 ἔθνος,
566 113 805 192 ὕστερον
858 116 917 175 δὲ
968 116 1222 178 Ἰωνικόν
1258 118 1470 195 ἐκλήθη
1516 120 1656 182 κατὰ
1701 121 1800 182 τᾶν

179 203 362 263 αὑτὸν
406 201 587 285 λόγον
641 203 737 262 καὶ
784 206 839 263 οἶ
886 204 1325 280 δυωδεκαπόλιες
1363 206 1545 271 Ἴωνες
1599 212 1652 268 oz
1705 208 1798 268 ἐπ’

178 291 483 366 Ἀθηνέων.
569 292 802 355 Αἰολέες
853 292 915 351 δὲ
961 292 1228 368 ἑξήκοντα
1274 295 1400 357 νέας
1446 297 1796 375 παρείχοντο,

179 378 598 455 ἐσκευασμένοι
632 404 696 439 τε
732 379 803 443 ὥς
828 379 1108 456 Ἕλληνες
1151 382 1243 441 καὶ
1283 381 1351 442 τὸ
1387 382 1568 442 πάλαι
1605 384 1798 444 καλεό-

178 493 347 543 μενοι
376 465 695 547 Πελασγοὶ,
733 466 806 531 ὥς
839 466 1130 543 Ἑλλήνων
1166 469 1357 551 λόγος.
1443 469 1797 547 Ἑλλησπόν·

177 580 296 614 τιοι
338 554 416 623 δὲ,
458 552 613 630 πλὴν
653 552 997 631 Ἀβυδηνῶν·
1039 555 1433 637 (Αβυδηνοῗσι
1468 559 1580 640 γὰρ
1618 585 1792 637 προσ-

181 644 448 703 ετέτακτο
475 646 536 700 ἐκ
561 643 856 718 βασιλέος,
883 643 1027 704 κατὰ
1054 643 1240 723 χώρην
1265 647 1516 722 μένουσι,
1537 647 1795 723 φύλακας

180 731 327 792 εἶναι
367 733 478 791 τῶν
521 730 850 811 γεφυρέων)
894 733 947 790 οἶ
991 731 1050 789 δὲ
1093 734 1287 792 λοιποὶ
1332 738 1391 792 ἐκ
1429 739 1529 793 τοῦ
1570 734 1792 795 Πόντου

178 817 638 897 στρατευόμενοι,
683 820 1016 897 παρείχοντο
1058 821 1164 896 μὲν
1199 820 1392 881 ἐκατόν
1431 823 1570 893 νέας,
1608 828 1793 883 ἐσκευ-

179 907 425 983 ασμένοι
463 905 524 965 δὲ
560 903 710 981 ἦσαν
746 904 819 970 ὥς
832 905 1127 982 Ἕλληνες.
1213 907 1367 969 οὗτοι
1393 908 1452 969 δὲ
1476 908 1671 971 Ἰώνων
1698 912 1791 971 καὶ

179 994 446 1071 Δωριέων
460 1057 465 1064 ,
483 992 723 1053 ἄποικοι.

262 1080 649 1158 Ἐπεβάτευον
675 1082 734 1141 δὲ
761 1081 854 1141 ἐπὶ
878 1085 1106 1145 πασέων
1131 1089 1243 1146 τῶν
1274 1090 1409 1148 νεῶν
1445 1090 1671 1164 Πέρσαι
1698 1089 1792 1149 καὶ
1807 1092 1884 1151 96

178 1170 376 1246 Μῆδοι
396 1169 494 1229 καὶ
514 1169 710 1234 Σάκαι.
756 1169 964 1230 τούτων
985 1172 1043 1229 δὲ
1063 1170 1270 1248 ἄριστα
1292 1174 1579 1237 πλεούσας
1605 1178 1792 1253 παρεί-

175 1284 354 1337 χοντο
382 1259 511 1322 νέας
529 1259 791 1328 Φοίνικες,
815 1259 908 1318 καὶ
928 1260 1195 1319 Φοινίκων
1217 1261 1485 1325 Σιδώνιοι.
1539 1263 1792 1325 τούτοισι

177 1351 344 1416 πᾶσι,
384 1346 480 1406 καὶ
517 1350 671 1406 τοῖσι
712 1351 766 1410 ἐς
804 1346 904 1407 τὸν
943 1347 1113 1418 πεζὸν
1155 1352 1546 1431 τεταγμένοισι
1593 1351 1788 1427 αὐτῶν,

175 1437 406 1510 ἐπῆσαν
439 1433 733 1495 ἑκάστοισι
768 1434 1055 1514 ἐπιχώριοι
1085 1435 1371 1518 ἡγεμόνες·
1419 1443 1529 1499 τῶν
1566 1440 1688 1521 ἐγὼ,
1722 1440 1789 1501 οὔ

175 1521 288 1603 γαζο
316 1522 595 1604 οἷναγκαίῃ
623 1523 916 1604 ἐξέργομαι
943 1529 997 1587 ἐς
1025 1526 1275 1603 ἱστορίης
1300 1526 1492 1607 λόγον,
1524 1528 1588 1588 οὐ
1612 1555 1788 1606 παρα-

172 1611 488 1686 μέμνημαι·
530 1609 658 1670 οῧτε
682 1611 791 1691 γὰρ
830 1611 1013 1676 ἔθνεος
1050 1612 1290 1676 ἑκάστου
1320 1615 1534 1685 ἐπάξιοι
1557 1616 1707 1691 ἦσαν
1733 1620 1789 1677 οἶ

173 1697 467 1778 ηγεμόνες,
503 1698 561 1758 ἔν
596 1724 658 1758 τε
694 1699 838 1759 ἔθνεῖ
875 1699 1091 1780 ἑκάστῳ
1131 1701 1368 1779 ὅσαιπερ
1406 1703 1615 1773 πόλιες,
1653 1730 1787 1764 τοσ-

174 1791 335 1846 οῦτοι
381 1786 476 1846 καὶ
522 1786 790 1868 ἡγεμόνες
832 1787 999 1864 ἦσαν·
1047 1790 1270 1850 εἵποντο
1310 1791 1369 1849 δὲ
1407 1790 1478 1853 ὥς
1512 1790 1576 1850 οὗ
1617 1818 1787 1870 στρα-

173 1875 359 1956 τηγοὶ,
393 1873 526 1934 ἄλλ’
568 1873 756 1953 ὥσπερ
799 1880 852 1935 οἶ
893 1876 1067 1935 ἄλλοι
1099 1877 1532 1954 στρατευόμενοι
1573 1879 1784 1939 δοῦλοι·

172 1963 299 2023 ἐπεὶ
346 1964 666 2045 στρατηγοί
704 1990 766 2024 τε
810 1968 862 2023 οἱ
908 1965 973 2024 τὰ
1017 1970 1131 2024 πᾶν
1175 1966 1392 2044 ἔχοντες
1447 1966 1648 2043 κρότος
1695 1969 1787 2027 καὶ

174 2050 445 2131 ἄρχοντες
495 2055 606 2113 τῶν
660 2053 857 2113 ἐθνέων
912 2053 1174 2125 ἑκάστων,
1230 2053 1358 2113 ὅσοι
1407 2053 1584 2114 αὐτῶν
1636 2053 1786 2130 ἦσαν

175 2142 424 2217 Πέρσαι,
452 2140 695 2217 εἰρέαταί
714 2166 831 2216 μοι.
902 2147 1013 2201 Τοῦ
1040 2142 1100 2201 δὲ
1127 2148 1384 2203 ναυτικοῦ
1413 2142 1785 2225 ἐστρατήγεον
1801 2144 1877 2206 97

175 2229 309 2288 οδε·
352 2226 720 2308 Ἀριαβίγνης
759 2255 821 2287 τε
862 2229 894 2289 ὁ
938 2231 1194 2306 Δαρείου,
1231 2232 1324 2290 καὶ
1358 2232 1710 2309 Πρηξάσπης
1752 2232 1784 2293 ὅ

173 2315 547 2385 Ἀσπαθίνεω,
567 2317 658 2375 καὶ
678 2316 1025 2397 Μεγάβαζος
1045 2319 1078 2378 ὁ
1096 2319 1467 2401 Μεγαβάτεω,
1487 2321 1577 2379 καὶ
1593 2320 1782 2399 Ἀχαι-

172 2404 346 2481 μένης
365 2403 398 2463 ὁ
420 2404 679 2480 Δαρείου·
711 2409 812 2480 τῆς
831 2408 934 2480 μὲν
949 2404 1128 2470 Ἰάδος
1147 2433 1209 2466 τε
1232 2408 1324 2466 καὶ
1342 2414 1594 2485 Καρικῆς
1614 2436 1782 2487 στρα-

171 2496 295 2568 τιῆς
314 2490 698 2573 Ἀριαβίγνης,
726 2492 759 2553 ὅ
789 2494 1027 2571 Δαρείου
1045 2522 1109 2555 τε
1128 2500 1260 2559 παῖς
1281 2496 1493 2571 καὶτῆς
1508 2497 1784 2574 Γωβρύεω

172 2578 470 2661 θυγατρός·
540 2572 859 2662 Αἰγυπτίων
918 2582 977 2641 δὲ
1040 2583 1378 2665 ἐστρατήγεε
1427 2582 1779 2662 Ἀχαιμένης,

172 2667 392 2744 Ξέρξεω
425 2666 527 2728 ἐῶν
564 2667 657 2728 ἀπ’
685 2667 1017 2747 ἀμφοτέρων
1049 2669 1344 2746 ἀδελφεός·
1386 2675 1488 2746 τῆς
1514 2671 1574 2730 δὲ
1600 2671 1781 2749 ἄλλης

169 2758 445 2834 στρατιῆς
476 2756 851 2838 ἐστρατήγεον
880 2760 931 2816 οἲ
960 2756 1078 2817 δύο.
1161 2757 1537 2836 τριηκόντεροι
1575 2760 1650 2829 δὲ,
1690 2761 1782 2819 καὶ

169 2844 614 2921 πέντηκόντεροι,
648 2845 739 2902 καὶ
781 2845 1083 2923 κέρκουροι,
1128 2847 1221 2905 καὶ
1262 2846 1564 2928 ἱππαγωγὰ
1603 2849 1779 2905 πλοῖα

167 2932 361 3010 μακρὰ
395 2931 743 2992 συνελθόντα
772 2937 825 2995 ἐς
852 2933 950 2992 τὸν
977 2933 1216 3011 ἀριθμὸν
1233 2942 1238 2948 ’
1254 2933 1434 3009 ἐφάνη
1467 2934 1779 3010 τρισχίλια.

167 3023 292 3081 Τῶν
331 3020 394 3079 δὲ
412 3019 811 3080 ’ἐπιπλεόντων
848 3022 992 3095 μετά
1027 3047 1094 3102 γε
1129 3021 1257 3084 τούς
1283 3019 1632 3098 στρατηγοῦς
1661 3018 1775 3077 οδε
1795 3022 1874 3079 98

167 3106 319 3183 ἦσαν
388 3109 443 3167 οἱ
502 3106 964 3183 ὀνομαστότατοι·
1023 3109 1296 3186 ,Σιδώνιος
1350 3104 1778 3182 Τετράμνηστος

166 3195 432 3318 ’.ιῗῐνύσοψ
472 3194 566 3253 καὶ
596 3194 794 3272 Τύριος
828 3194 1041 3272 Μοίπην
1076 3194 1346 3272 Σιρώμου,
1390 3193 1482 3251 καὶ
1516 3188 1776 3266 Ἀράδιος

260 3278 406 3323 .-13
