2100 3409
197 83 426 148 69-74]
853 85 1163 137 οΤΡΑΝῙΑ.
1713 90 1810 142 24⁷

199 163 534 241 οἰκοδόμεον
570 161 663 224 διὰ
700 169 802 224 τοῦ
834 164 1070 242 Ἰσθμοῦ
1107 168 1310 244 τεῖχος·
1352 164 1451 225 ἅτε
1479 165 1541 226 δὲ
1574 169 1812 229 ἐουσέων

197 251 514 329 μυριαδέων
565 252 824 312 πολλέων
875 253 967 310 καὶ
1012 252 1221 316 παντὸς
1268 251 1466 330 ἀνδρὸς
1513 255 1807 334 ἐργαζομέ-

198 364 325 409 νου,
355 336 517 413 ἤνετο
540 337 608 398 τὰ
636 339 814 419 ἔργον·
858 339 950 399 καὶ
975 339 1086 420 γὰρ
1112 341 1281 412 λίθοι,
1320 342 1411 399 καὶ
1437 341 1678 410 πλίνθοι,
1717 343 1809 401 καὶ

200 426 371 496 ξύλα,
400 426 493 485 καὶ
519 427 734 503 φορμοὶ
759 426 992 505 ψάμμου
1017 427 1258 505 πλήρεες
1285 429 1675 505 ἐσεφορέοντο·
1718 430 1810 487 καὶ

202 513 427 573 ἐλίνυον
468 511 662 572 οὐδένα
694 513 898 592 χρόνον
926 517 980 574 οἱ.
1010 514 1403 591 βοηθήσαντες
1438 515 1811 596 ἐργαζόμενοι,

203 600 337 661 οὔτε
361 600 554 664 νυκτὸς
579 598 706 660 οὔτε
730 601 959 679 ἡμέρης.
1043 605 1118 661 Οἱ
1145 603 1204 662 δὲ
1239 604 1603 679 βωθήσαντες
1629 609 1684 667 ἐς
1708 604 1807 664 τὸν
1824 604 1903 665 72

201 687 445 764 Ἰσθμὸν
488 689 778 764 πανδημεὶ,
820 690 936 750 οἶδε
974 687 1125 765 ἦσαν
1170 689 1476 767 Ἑλλήνων·
1546 691 1811 751 Λακεδαι-

203 775 402 852 μόνιοί
438 802 500 836 τε
555 778 646 835 καὶ
696 776 960 854 Ἀρκάδες
1012 776 1230 849 πάντες,
1287 780 1376 838 καὶ
1429 778 1667 850 Ἠλεῖοι,
1722 780 1813 839 καὶ

208 864 520 940 Κορίνθιοι,
549 865 642 923 καὶ
679 864 982 935 Σικυώνιοι,
1010 866 1102 925 καὶ
1131 865 1492 944 Ἐπιδαύριοι,
1522 868 1614 925 καὶ
1640 867 1810 927 Φλιά-

207 976 349 1020 σιοι,
413 951 504 1009 καὶ
564 951 892 1029 Τροιζήνιοι,
948 953 1041 1012 καὶ
1095 953 1426 1032 Ἑρμιονέες.
1511 951 1664 1015 οὗτοι
1707 958 1814 1032 μὲν

207 1037 364 1113 ἦσαν
398 1041 452 1097 οἱ
486 1038 878 1115 βοηθήσαντες
914 1042 1006 1098 ’καὶ
1039 1040 1543 1119 ὑπεραρρωδέοντες
1577 1046 1650 1121 τῇ
1683 1042 1810 1101 Ἑλ-

209 1125 346 1185 λάδι
361 1126 765 1207 κινδυνευούσῃ·
793 1131 945 1187 τοῖσι
961 1127 1020 1186 δὲ
1035 1127 1272 1188 ἄλλοισι
1291 1131 1812 1205 Πελοποννησίοισι

214 1214 381 1291 ἔμελε
409 1213 576 1273 οὐδέν.
662 1213 953 1292 Ὀλύμπια
979 1215 1040 1273 δὲ
1067 1216 1159 1274 καὶ
1187 1215 1432 1292 Κάρνεια
1468 1216 1811 1295 παροιχώκεε

211 1299 335 1376 ἤδη.
424 1302 606 1361 Οἰκέει
659 1302 719 1361 δὲ
772 1303 878 1378 τήν
937 1302 1381 1379 Πελοπόννησον
1443 1304 1600 1364 ἔθνεα
1655 1304 1811 1364 ε’πτοί·
1830 1306 1909 1366 73

212 1388 425 1448 τούτων
444 1389 504 1448 δὲ
527 1388 599 1448 τὰ
624 1391 729 1465 μὲν
761 1390 872 1464 δύο,
904 1389 1219 1470 αὐτόχθονα
1253 1390 1430 1466 ἐόντα,
1462 1392 1602 1451 κατοὶ
1627 1392 1815 1471 χώρην

218 1477 432 1553 δρυται
457 1482 554 1537 νῦν
576 1477 682 1553 τὴν
710 1479 803 1537 καὶ
827 1479 893 1539 τὸ
921 1478 1101 1538 πάλαι
1129 1480 1323 1555 οἴκεον,
1347 1480 1611 1558 Ἀρκάδες
1635 1506 1696 1541 τε
1723 1481 1815 1542 καὶ

212 1564 538 1641 Κυνούριοι·
581 1566 638 1624 ἓν
674 1566 734 1624 δὲ
770 1567 938 1640 ἔθνος,
976 1567 1044 1627 τό
1079 1566 1361 1646 Ἀχαῖκόν,
1396 1574 1456 1627 ἐκ
1491 1573 1595 1646 μὲν
1630 1574 1815 1629 Πελο-

211 1650 504 1728 ποννήσου
557 1651 658 1712 οὐκ
711 1654 1040 1734 ἐξεχώρησε,
1097 1659 1157 1712 ἐκ
1203 1656 1395 1730 μέντοι
1440 1660 1540 1732 τῆς
1588 1658 1815 1715 ἑωυτῶν·

208 1741 363 1800 οἶκέε
409 1740 471 1798 δὲ
516 1740 619 1816 τὴν
658 1740 983 1819 ἀλλοτρίην.
1065 1741 1139 1801 τὰ
1179 1742 1241 1800 δὲ
1286 1742 1461 1801 λοιποὶ
1512 1742 1669 1802 ἔθνεα
1705 1747 1817 1803 τῶν

211 1827 360 1887 ἑπτὰ
411 1827 704 1911 [τέσσερα]
765 1828 1015 1905 ε’πήλυδά
1079 1833 1220 1889 ἐστι·
1305 1830 1540 1905 Δωριέες
1591 1855 1668 1903 τε,
1726 1830 1819 1889 καὶ
1843 1902 1848 1907 .

211 1916 478 1990 Αἰτωλοὶ,
515 1917 607 1975 καὶ
642 1916 910 1994 Δρύοπες,
946 1918 1038 1976 καὶ
1080 1915 1335 1993 Λήμνιοι.
1423 1917 1677 1992 Δωριέων
1713 1920 1819 1993 μὲν

211 2005 442 2064 πολλαί
479 2031 543 2064 τε
591 2007 683 2063 καὶ
724 2004 943 2082 δόκιμοι
984 2003 1170 2067 πόλις·
1245 2007 1511 2063 Αἰτωλῶν
1555 2004 1613 2061 δὲ
1639 2001 1818 2067 'Hm—

211 2092 418 2169 μούνη·
461 2091 733 2170 Δρυόπων
768 2093 829 2168 δὲ
860 2091 1128 2170 Ἑρμιόνη
1163 2118 1225 2153 τε
1261 2092 1353 2152 καὶ
1383 2090 1584 2167 Ἀσίνη
1611 2089 1649 2167 ἦ
1679 2090 1819 2167 πρός

215 2180 576 2260 Καρδαμύλῃ
608 2184 681 2259 τῇ
712 2184 1022 2259 Λακωνικῇ·
1067 2181 1326 2257 Λημνίων
1357 2180 1417 2238 δὲ
1454 2183 1821 2256 Παρωρεῆται

212 2293 441 2330 παντες
504 2272 559 2328 οἶ
585 2268 644 2328 δὲ
672 2267 970 2345 Κυνούριοι
997 2267 1382 2347 αὖτόχθονες’
1357 2268 1536 2331 εόντες
1562 2268 1820 2327 δοκέουσι

212 2359 421 2433 μοῦνοι
461 2355 598 2416 εἶναι
629 2354 831 2419 Ἴω·νες
889 2355 1324 2433 ἐκδεδωρίευνται
1358 2355 1487 2413 δὲε
1454 2355 1564 2447 υπό
1600 2382 1662 2415 τε
1693 2355 1820 2432 Ἀρ·-

213 2443 385 2524 γείων
427 2441 728 2522 α’ρχόμενοι
769 2442 861 2502 καὶ
899 2448 999 2503 τοῦ
1039 2442 1262 2522 χρόνου,
1310 2440 1495 2505 ἐόντες
1528 2443 1823 2520 Ὀρνεῆται

216 2531 315 2590 καὶ
343 2532 633 2607 περίοικοι.
685 2556 892 2591 τουτων
918 2529 992 2591 ὠν
1015 2555 1127 2590 των
1154 2529 1292 2588 ἑπτα
1320 2530 1516 2589 ἐθνέων
1541 2533 1601 2587 αἱ
1627 2530 1822 2589 λοιπαὶ

214 2619 406 2690 πόλις,
433 2618 613 2696 πάρεξ
635 2623 747 2680 τῶν
779 2619 1063 2691 κατέλεξα,
1100 2623 1160 2676 ἐκ
1191 2620 1292 2676 τοῦ
1331 2617 1514 2692 μέσου
1540 2620 1819 2677 ἐκατέατο·

217 2713 270 2767 εἰ
298 2707 361 2766 δὲ
389 2708 686 2784 ἐλευθέρως
705 2708 888 2777 ἔξεστι
916 2711 1104 2779 εἰπεῖν,
1122 2710 1182 2764 ἐκ
1201 2708 1301 2766 τοῦ
1326 2704 1508 2782 μέσου
1528 2704 1824 2783 κατήμενοι

218 2795 504 2872 ἐμήδιζον.

308 2884 385 2940 Οἱ
410 2884 514 2957 μὲν
534 2880 602 2957 δὴ
620 2885 678 2941 ἐν
694 2886 772 2960 τῷ
794 2881 1008 2958 Ἰσθμῷ
1025 2879 1255 2959 τοιούτῳ
1275 2878 1426 2959 πόνῳ
1446 2882 1820 2948 συνέστασαν,
1838 2878 1917 2938 74

218 2969 324 3030 ἅτε
358 2968 487 3046 περὶ
518 2973 619 3029 τοῦ
653 2968 858 3031 παντὸς
887 2965 994 3044 ἤδη
1035 2966 1242 3042 δρόμον
1282 2967 1513 3036 θέοντες,
1558 2966 1649 3024 καὶ
1688 2970 1823 3041 τῇσι

220 3056 396 3130 νηυσὶ
431 3055 530 3116 οὐκ
566 3057 880 3127 ἐλπίζοντες
918 3053 1332 3131 ἐλλάμψεσθαι·
1376 3057 1429 3112 οἱ
1460 3053 1519 3110 δὲ
1551 3057 1607 3110 ἐν
1641 3052 1822 3113 Σαλα-

218 3149 348 3225 μῖνι
374 3143 525 3221 ὁμῶς
552 3148 732 3204 ταῦτα
766 3140 1169 3218 πυνθανόμενοι
1202 3140 1493 3218 ἀρρώδεον,
1539 3135 1638 3196 οὐκ
1686 3135 1826 3195 οὕτω

219 3232 359 3311 περὶ
400 3233 578 3309 σφίσι
611 3230 833 3293 αὐτοῖσι
864 3228 1233 3307 δειμαίνοντες
1268 3227 1339 3291 ὥς
1375 3225 1506 3303 περὶ
1535 3227 1609 3303 τῇ
1641 3225 1827 3283 Πελο-

1953 3328 2063 3370 Λ
