2100 3409
147 54 409 124 23—26]
843 59 1149 110 omnm.
1687 66 1784 115 229

149 141 331 217 ἦσαν
363 139 428 198 δὲ
448 136 558 215 ,καὶ
594 135 694 197 δύο
722 138 1000 216 μυριάδες·
1040 139 1455 218 ὑπολιπόμενος
1483 141 1691 204 τούτων
1715 144 1790 209 οἷς

150 228 418 308 χιλίους,
453 224 587 289 τούς
627 226 874 297 λοιποῦς,
908 226 1159 305 τάφρους
1200 228 1552 306 ὀρυξάμενος,
1598 232 1785 309 ἔθαψε,

157 313 458 392 φυλλάδα
496 338 560 373 τε
604 315 893 390 ἐπιβαλών
930 316 1023 374 καὶ
1061 319 1173 397 γῆν
1208 316 1655 395 ἐπαμησάμενος,
1700 320 1789 380 ἵνα

155 403 253 480 μὴ
307 401 633 478 ὀφθείησαν
677 398 786 462 find
831 405 933 462 τοῦ
980 408 1237 464 ναυτικοῦ
1280 408 1546 482 στρατοῦ·
1616 405 1686 469 ὥς
1729 407 1790 466 δὲ

161 491 351 567 διέβη
394 493 449 553 ἐς
487 489 592 565 τήν
630 486 902 565 Ἱστιαίην
933 489 964 550 ὀ
1002 490 1190 569 κήρυξ,
1219 491 1510 574 σύλλογον
1550 494 1787 571 ποιησά-

159 604 348 656 μενος
373 576 583 640 παντός
610 581 711 637 τοῦ
743 578 1127 654 στρατοπέδου
1162 580 1319 661 ἔλεγε
1354 579 1504 640 τάδε·
1547 592 1583 617 “
1598 579 1791 660 ἅνδρες

163 663 497 743 σύμμαχοι,
536 663 817 741 βασιλευς
856 665 1070 742 Ξέρξης
1107 669 1185 745 τῷ
1234 668 1566 748 βουλομένῳ
1611 668 1790 746 ὑμέων

162 752 552 830 παραδίδωσι,
583 751 884 812 ἐκλιπόντα
918 753 1023 829 τὴν
1063 752 1221 823 τάξιν
1261 754 1354 813 καὶ
1392 754 1630 815 ἐλθόντα
1667 757 1788 834 θεή-

165 840 403 900 σασθαι
462 839 604 903 ὅκως
666 840 906 919 μάχεται
972 840 1115 916 πρὸς
1174 841 1305 903 τούς
1358 839 1621 917 ἀνοήτους
1676 849 1786 906 τῶν

167 926 503 1004 ἀνθρώπων,
541 926 595 987 οἳ
625 925 879 1003 ἤλπισαν
913 927 1017 1004 τήν
1048 930 1329 1004 βασιλέος
1367 928 1655 1008 δύναμιν“
1623 957 1787 1010 υπερ-

166 1013 556 1090 βαλέεσθαιῗ
634 1018 823 1075 Ταῦτα
875 1016 1367 1096 ἐπαγγειλαμένου,
1419 1044 1562 1095 μετα
1614 1025 1789 1081 ταῦτα
1804 1023 1883 1081 25

171 1101 343 1161 ουδὲν
388 1102 600 1182 ἐγίνετο
650 1103 864 1163 πλοίων
907 1127 1306 1181 σπανιωτερον·
1389 1104 1530 1166 οὕτω
1574 1110 1786 1168 πολλοὶ

170 1189 392 1264 ἤθελον
461 1189 788 1266 θεήσεσθαι·
873 1191 1357 1268 διαπεραιωθέντες
1411 1192 1472 1251 δὲ
1523 1194 1784 1269 ἐθηεῦντο

172 1276 476 1355 διεξιόντες
506 1276 635 1340 τοῦς
670 1277 909 1356 νεκρούς·
962 1276 1167 1342 πάντες
1205 1278 1266 1338 δὲ
1306 1278 1617 1354 ἠπιστέατο
1659 1281 1790 1346 τοῦς

174 1365 467 1441 κειμένους
494 1363 631 1426 εἶναι
658 1365 868 1430 πάντας
886 1365 1357 1443 Λακεδαιμονίους
1382 1368 1476 1427 καὶ
1492 1371 1786 1444 Θεσπιέας,

173 1451 436 1529 ὁρέοντες
478 1451 570 1511 καὶ
613 1452 742 1517 τούς
785 1454 1033 1517 εὒιωτας·
1102 1453 1167 1513 οὗ
1209 1457 1313 1532 μὲν
1361 1454 1472 1517 οὐδ’
1522 1457 1790 1519 ἐλάνθανε

172 1564 312 1603 τους
352 1539 767 1616 διαβεβηκότας
802 1541 1015 1651 Ξέρξης
1047 1544 1225 1601 ταῦτα
1260 1544 1475 1620 πρήξας
1500 1545 1629 1622 περὶ
1656 1545 1786 1611 τούς

174 1652 411 1703 νεκρους
447 1652 577 1691 τους
615 1631 835 1701 ἑωυτοῦ·
878 1629 971 1688 καὶ
1011 1653 1123 1708 γαρ
1171 1628 1240 1704 δη
1280 1630 1581 1709 γελοῖον’
1545 1658 1633 1706 ην·
1674 1637 1784 1695 τῶν

173 1717 286 1793 μὲν
315 1714 500 1794 χίλιοι
542 1717 836 1791 ἐφαίνοντο
879 1715 1064 1793 νεκροὶ
1104 1716 1358 1791 κείμενοι,
1387 1719 1439 1775 οἱ
1472 1717 1547 1786 δὲ,
1586 1719 1789 1784 πάντες

178 1801 379 1864 ἐκέατο
438 1801 599 1865 άλέες
666 1803 1174 1883 συγκεκομισμένοι
1228 1807 1281 1865 ἐς
1333 1802 1512 1862 τῶυτο
1567 1805 1785 1883 χωρίον,

175 1890 451 1967 τέσσερες
501 1888 770 1969 χιλιάδες.
851 1890 1057 1967 ταύτην
1096 1891 1201 1967 μὲν
1245 1889 1350 1965 τὴν
1393 1889 1606 1966 ἡμέρην
1647 1892 1787 1968 πρὸς

179 1978 372 2053 θέην’
346 1975 670 2054 ετράποντο·
710 1980 783 2055 τῇ
808 1977 854 2037 δ’
887 1977 1156 2056 υστεραίῃ
1184 1978 1238 2036 οἱ
1270 1979 1374 2054 μὲν
1406 1975 1706 2039 απέπλωον
1733 1983 1788 2043 ἐς

177 2062 457 2141 Ἱστιαίην
488 2064 582 2124 ἐπὶ
613 2090 714 2129 τας
752 2068 903 2141 νῆας,
929 2068 984 2125 οἱ
1021 2065 1081 2125 δὲ
1117 2063 1269 2143 ἀμφὶ
1303 2063 1515 2143 Ξέρξεα
1558 2069 1615 2129 ἐς
1656 2065 1788 2127 ὁδόν

181 2149 441 2230 ὁρμέατο.

249 2237 442 2300 Ἧκον
485 2239 549 2299 δέ
591 2246 704 2315 σφι
750 2240 1060 2319 αυτόμολοι
1105 2240 1295 2320 ανδρες
1349 2242 1446 2303 ἀπ’
1491 2242 1788 2322 Ἀρκαδίης
1803 2245 1881 2304 26

182 2324 372 2409 ὀλίγοι
395 2328 554 2397 τινὲς,
573 2329 709 2405 ,Βίου
728 2354 791 2388 τε
811 2328 1061 2405 δεόμενοι
1086 2330 1180 2388 καὶ
1207 2332 1420 2411 ἐνεργοὶ
1439 2332 1787 2409 βουλόμενοι

184 2413 343 2475 εἶναι·
405 2414 634 2495 ἄγοντες
680 2415 741 2475 δὲ
784 2415 1014 2480 τούτους
1062 2422 1116 2480 ἐς
1162 2416 1294 2494 ὄψιν
1335 2418 1440 2493 τὴν
1490 2420 1784 2494 βασιλέος,

184 2500 557 2562 ἐπυνθάνοντο
616 2505 672 2562 οἱ.
738 2503 963 2581 Πέρσαι
1029 2504 1160 2580 περὶ
1220 2509 1330 2566 τῶν
1383 2504 1673 2582 Ἑλλήνων
1716 2506 1789 2566 τὰ

181 2589 444 2651 ποιέοιεν·
480 2589 558 2654 εἷς
582 2590 646 2650 δέ
665 2616 750 2655 τις
774 2591 886 2670 πρό
913 2590 1135 2652 πάντων
1158 2590 1229 2666 ἦν
1249 2591 1281 2651 ὀ
1304 2592 1564 2671 εἷρωτέων
1589 2592 1789 2657 αὖτοῧς

179 2681 377 2738 ταῦτα·
432 2679 488 2738 οἱ
523 2677 587 2738 δέ
625 2684 740 2755 σφι
783 2681 996 2760 ἔλεγον,
1029 2679 1101 2743 ὦς
1139 2678 1429 2756 Ὀλύμπια
1463 2677 1652 2760 ἄγοιεν
1695 2683 1787 2741 καὶ

182 2765 468 2842 θεωρέοιεν
508 2763 697 2846 άγῶνα
735 2766 1001 2848 γυμνικὸν
1043 2768 1152 2841 καὶ,
1177 2766 1424 2827 ἱππικόν·
1482 2765 1515 2828 ὀ
1551 2767 1610 2827 δὲ
1646 2770 1787 2829 ἐπεί-

178 2877 309 2929 ρετο
357 2851 391 2913 ὅ
435 2877 493 2912 τι
530 2851 598 2912 τό
642 2851 849 2914 ἄεθλον
897 2853 982 2929 εἴη
1027 2860 1141 2930 σφι
1189 2855 1442 2932 κείμενον
1488 2856 1617 2934 περὶ
1662 2855 1787 2915 ὅτευ

179 2938 577 3020 α’,γωνίζονταις
635 2943 687 3001 οἳ
721 2940 767 3000 δ’
811 2941 968 3001 εἶπον
1001 2946 1104 3017 τῆς
1143 2942 1334 3019 ἐλαίης
1363 2942 1463 3003 τόν
1504 2942 1788 3016 διδόμενον

180 3028 490 3104 στέφανον.
592 3029 830 3090 ἐνθαῦτα
889 3028 1046 3092 εἶπας
1114 3054 1339 3109 γνωμην
1396 3025 1786 3110 γενναιοτάτην

179 3115 630 3195 Τριτανταίχμης
669 3115 703 3176 ὀ
742 3114 1117 3205 Ἀρταβάνου,
1172 3116 1384 3191 δειλίην
1438 3113 1595 3187 ὦφλε
1645 3136 1785 3186 προς

178 3202 484 3284 βασιλέος·
509 3203 920 3283 πυνθανόμενος
937 3202 1048 3286 γάρ
1064 3227 1131 3270 το
1114 3200 1355 3265 ἄεθλον
1374 3200 1466 3262 ἐὰν
1483 3197 1785 3274 στέφανον,
