2100 3409
314 74 378 122 22
399 76 410 87 ·
926 67 1295 119 ἮΡοΔοτοϊ
1818 69 1912 135 [V.

309 150 370 211 δὲ
392 149 600 228 ταύτην
620 150 727 228 τὴν
750 149 938 220 πόλιν,
966 150 1299 228 θαρσέοντες
1315 148 1424 227 ἤδη
1446 151 1526 230 τῷ
1540 148 1638 209 Διῒ
1662 149 1916 212 πλούτου

309 239 437 316 πέρι
464 240 684 317 ἐρίζετε.
767 236 923 297 α’λλαῖ
955 238 1088 316 περὶ
1113 239 1218 317 μὲν
1242 237 1430 318 χῶρης
1455 236 1565 315 ἄρα
1591 236 1657 298 οὖ
1687 242 1916 315 πολλῆς

309 326 436 386 οὐδὲ
469 327 608 387 οὕτω
639 330 910 405 χρηστῆς,
946 327 1038 387 καὶ
1071 319 1248 405 οὔρων
1281 330 1549 404 σμικρῶν,
1580 325 1753 405 χρεόν
1789 332 1917 387 ἐστι

307 413 479 491 ὑμέας
519 415 706 492 μάχας
746 413 1187 490 ἀναβάλλεσθαι
1239 412 1383 491 πρός
1431 438 1496 473 τε
1550 415 1917 489 Μεσσηνίους

307 501 498 565 ἐόντας
545 503 870 572 ἰσοπαλέας,
913 502 1005 561 καὶ
1042 500 1319 579 Ἀρκάδας
1361 527 1426 561 τε
1471 500 1564 560 καὶ
1607 500 1913 582 Ἀργείους·

305 594 459 649 τοῖσι
487 589 614 650 οὔτε
639 595 856 668 χρυσοῦ
884 589 1153 669 ἐχόμενόν
1180 594 1304 649 ἐστι
1325 587 1484 649 οὐδὲν
1504 587 1633 649 οὔτε
1650 588 1914 668 ἀργύρου,

303 681 417 737 τῶν
446 678 574 755 πέρι
601 679 698 737 καί
722 689 847 738 τινα
880 677 1065 760 ἐνάγει
1101 677 1386 754 προθυμίη
1422 675 1745 754 μαχόμενον
1778 674 1917 736 σ’,πο-

309 764 592 840 θνήσκειν·
672 766 922 845 παρέχον
974 766 1035 824 δὲ
1074 769 1177 839 τῆς
1244 763 1443 839 Ἀσίης
1491 762 1683 838 πάσης
1722 760 1918 842 ἄρχειν

309 851 588 922 εὐπετέως,
632 851 783 912 ἄλλο
831 878 889 913 τι
937 851 1322 929 αἱρήσεσθε;”.
1350 849 1759 932 Ἀρισταγόρης
1810 854 1917 927 μὲν
1945 881 1958 896 ·

305 945 486 1000 ταῦτα
528 941 701 1011 ἔλεξε.
786 942 1116 1018 Κλεομένης
1156 941 1217 999 δὲ
1251 939 1523 1016 ἀμείβετο
1551 939 1766 999 τοῖσδε·
1819 950 1855 975 “
1873 939 1915 998 ὦ

307 1028 449 1097 ξεῖνε
489 1028 766 1104 Μιλήσιε,
800 1027 1212 1104 ἀναβάλλομαί
1246 1053 1335 1087 τοι
1375 1032 1432 1091 ἐς
1468 1027 1661 1104 τρίτην
1699 1026 1916 1104 ἡμέρην

210 1118 289 1175 50
305 1115 803 1194 άποκρινέεσθαι.”·
836 1117 978 1177 Τότε
999 1118 1104 1193 μὲν
1123 1121 1180 1180 ἐς
1196 1118 1474 1176 τοσοῦτον
1492 1114 1738 1191 ἤλασαν.
1794 1117 1921 1176 ἐπεί

304 1230 368 1264 τε
394 1205 454 1265 δὲ
477 1205 517 1281 ἡ
545 1206 703 1282 κυρίη
728 1204 909 1283 ἡμέρη
930 1205 1141 1285 ἐγίνετο
1159 1208 1261 1279 τῆς
1280 1202 1609 1280 ἅποκρίσιος
1626 1203 1719 1261 καὶ
1732 1201 1915 1278 ἦλθον

306 1297 363 1355 ἐς
385 1291 453 1352 τὰ
482 1293 862 1374 συγκείμενον,
892 1293 1071 1367 εἴρετο
1104 1290 1135 1350 ὁ
1174 1292 1503 1368 Κλεομένης
1524 1290 1626 1351 τᾶν
1648 1289 1913 1366 Ἀριστα-

303 1378 480 1458 γόρην
519 1378 767 1438 ὁκοσέων
804 1378 1053 1456 ἡμερέων
1093 1376 1205 1437 dard
1240 1377 1542 1455 θαλάσσης
1576 1382 1678 1453 τῆς
1715 1376 1915 1439 Ἰώνων

303 1465 431 1529 οδὸς
471 1467 557 1543 εἴη
591 1491 745 1545 παρα
773 1466 1054 1542 βασιλέα,
1104 1492 1138 1526 ο
1172 1467 1232 1526 δὲ
1262 1464 1689 1547 Ἀρισταγόρης,
1723 1464 1915 1525 τᾶλλα

305 1553 407 1613 ἐῶν
461 1552 648 1630 σοφὸς
706 1554 797 1612 καὶ
851 1552 1183 1632 διαβάλλων
1235 1556 1444 1614 ἐκεῖνον
1496 1551 1572 1624 εὖ,
1627 1558 1685 1613 ἐν
1736 1553 1915 1634 τούτω

305 1641 556 1719 ἐσφάλη·
596 1667 765 1721 χρεον
800 1642 910 1724 γάρ
947 1668 1046 1719 μιν
1075 1668 1155 1720 μη
1191 1641 1379 1754 λέγειν
1411 1641 1479 1702 το
1512 1640 1605 1701 ἐὰν
1629 1642 1914 1719 βουλόμε-

301 1729 397 1790 νόν
435 1757 503 1811 γε
538 1729 890 1809 Σπαρτιήτας
925 1731 1217 1811 ἐξαγαγεῖν
1257 1734 1313 1793 ἐς
1349 1754 1458 1805 την
1493 1728 1715 1804 Ἀσίην,
1757 1731 1914 1810 λέγει

302 1817 349 1876 δ’
378 1817 452 1878 ὧν
475 1824 642 1896 τριῶν
667 1822 854 1897 μηνῶν
887 1818 1002 1894 φοῖς
1034 1818 1174 1877 εἶναι
1198 1816 1304 1893 τὴν
1330 1815 1547 1877 ἄνοδον·
1592 1815 1624 1876 ὅ
1652 1817 1712 1876 δὲ
1738 1818 1911 1895 ὕπαρ-

300 1905 490 1970 πάσας
542 1906 646 1967 τᾶν
692 1908 989 1966 ἐπίλοιπον
1035 1905 1211 1985 λόγον
1260 1906 1362 1965 τὸν
1414 1904 1446 1964 ὅ
1500 1903 1914 1985 Ἀρισταγόρης

301 1992 526 2074 ὥρμητο
566 1994 754 2073 λέγειν
792 1994 922 2068 περὶ
961 1997 1063 2069 τῆς
1103 1993 1255 2062 ὁδοῦ,
1292 1994 1431 2052 εἶπε·
1488 2002 1523 2028 “
1541 1992 1583 2050 ὦ
1617 1992 1759 2061 ξεῖνε
1802 2000 1912 2052 Μι-

299 2079 485 2154 λήσιε,
527 2079 911 2138 ἀπαλλάσσεο
954 2085 1013 2138 ἐκ
1057 2079 1321 2157 Σπάρτης
1351 2080 1463 2158 πρὸ
1497 2079 1688 2142 δύντος
1722 2080 1911 2155 ἡλίου·

301 2165 517 2225 οὐδένα,
545 2166 658 2247 γάρ
705 2165 881 2246 λόγον
929 2167 1128 2225 εὐεπέα
1174 2169 1357 2248 λέγεις
1398 2168 1911 2244 Λακεδαιμονίοισι,

301 2253 506 2313 ἐθέλων
562 2254 748 2329 σφέας
794 2252 907 2313 ‹in-6
964 2255 1265 2330 θαλάσσης
1317 2260 1486 2332 τριῶν
1538 2258 1728 2333 μηνῶν
1780 2254 1915 2315 ὁδὸν

204 2342 277 2398 51
300 2338 584 2421 οἷγαγεῖν.”
624 2339 693 2399 Ὁ
720 2343 823 2417 μὲν
850 2342 919 2417 δὴ
951 2343 1279 2418 Κλεομένης
1315 2347 1494 2402 ταῦτα
1527 2344 1699 2412 εἴπας,
1734 2340 1824 2417 ἧῖε
1857 2348 1916 2406 ἐς

298 2427 371 2486 τσῖ
399 2428 563 2487 οἰκία.
644 2427 679 2489 ὁ
707 2429 766 2488 δὲ
790 2427 1201 2508 Ἀρισταγόρης
1226 2430 1427 2507 λαβών
1449 2431 1725 2506 ἱκετηρίην
1745 2428 1835 2505 ἤϊε
1859 2434 1916 2493 ές

300 2520 403 2574 τοῦ
431 2518 795 2593 Κλεομένεος,
829 2518 1080 2577 ἐσελθών
1106 2517 1164 2576 δὲ
1181 2519 1324 2578 ,εἵσω
1352 2517 1449 2578 ἅτε
1482 2517 1749 2592 ἱκετεύων,
1779 2523 1915 2577 ἐπα-

306 2607 507 2663 κοῦσαι
558 2606 776 2664 ἐκέλευε
829 2605 928 2663 τὸν
994 2605 1322 2681 Κλεομένεα
1374 2604 1791 2682 ἀποπέμψαντα
1842 2609 1914 2666 τό

299 2690 539 2750 παιδίον·
587 2691 978 2768 προσεστήκεε
1016 2718 1129 2772 γαρ
1171 2691 1240 2768 δὴ
1279 2695 1357 2771 τῶ
1399 2694 1711 2768 Κλεομένεϊ
1742 2693 1780 2768 ἡ
1820 2694 1912 2753 θυ-

298 2776 497 2856 γάτηρ,
522 2782 596 2857 τῇ
631 2777 844 2855 οὕνομα
864 2778 938 2853 ἦν
965 2779 1181 2861 Γοργώ·
1221 2784 1389 2841 τοῦτο
1418 2781 1481 2841 δέ
1506 2783 1560 2839 οἱ
1586 2782 1680 2837 καὶ
1706 2786 1915 2855 μοῦνον

297 2864 492 2923 τέκνον
531 2864 803 2945 ἐτύγχανε
849 2864 942 2924 ἐον
991 2867 1157 2927 ἐτέων
1196 2866 1342 2927 ὄκτω
1381 2866 1420 2943 ἦ
1463 2868 1622 2930 ἐννέα.
1659 2866 1913 2944 ἡλικίην·

299 2953 627 3028 Κλεομένης
662 2952 723 3011 δὲ
754 2953 942 3033 λέγειν
967 2978 1066 3029 μιν
1103 2954 1321 3014 ἐκέλευε
1344 2981 1418 3015 τα
1446 2954 1739 3030 βούλεται,
1771 2956 1949 3032 μηδὲ·
2031 3017 2041 3064 Ὗ

301 3042 559 3118 ἐπισχεῖν
576 3043 680 3099 τοῦ
707 3040 931 3099 παιδίου
957 3040 1157 3101 εἵνεκα.
1228 3043 1468 3102 ἐνθαῦτα·
1492 3042 1560 3117 δή
1586 3041 1620 3102 ὁ
1647 3041 1916 3120 Ἀριστα-

298 3126 472 3204 γόρης
502 3126 708 3205 ἄρχετο
746 3133 805 3185 ἐκ
846 3128 977 3185 δέκα
1012 3129 1301 3189 ταλάντων
1336 3129 1803 3208 ὖπισχνεόμενος,
1845 3132 1915 3209 ἦν

301 3215 356 3270 οἱ
387 3215 686 3292 ἐπιτελέσῃ
720 3218 834 3273 τῶν
869 3214 1073 3273 ἐδέετο.
1113 3214 1472 3279 ἀνανεύοντος
1498 3217 1557 3275 δὲ
1586 3223 1691 3277 τοῦ
1730 3211 1922 3280 ΚλεοᾸ
