2100 3409
173 68 405 134 95-981
822 68 1131 120 omnum.
1685 72 1782 127 257

172 151 280 211 τόν
306 175 371 208 τε
397 147 583 207 ἄλλον
603 145 787 208 πάντα
821 148 921 208 τᾶν
953 150 1083 225 περὶ
1112 153 1213 225 τῆς
1242 151 1551 228 ναυμαχίης
1580 151 1781 228 ταύτης

176 237 476 315 εἷρημένον
504 234 701 294 Βάκιδι
734 237 826 295 καὶ
859 237 1152 316 Μουσαίῳ,
1191 238 1282 296 καὶ
1315 238 1381 313 δή
1416 239 1524 296 καὶ·
1546 239 1685 296 κατὰ
1710 241 1783 299 τὰ

175 324 422 405 ναυήγια
467 322 540 384 τὰ
577 323 750 401 ταύτῃ
792 324 1163 403 ἐξενειχθέντα
1200 324 1268 385 τὸ
1311 326 1594 402 εἰρημένον
1645 310 1807 387 πολ-0

175 417 346 473 λοῖσι
365 415 518 473 ἔτεσι
542 410 814 488 πρότερον
836 411 1045 473 τούτων
1071 417 1129 472 ἐν
1153 417 1394 493 χρησμῷ
1412 413 1785 493 Λυσιστράτῳ

179 501 476 578 Ἀθηναίῳ,
519 498 677 576 ἀνδρὶ
715 499 1115 580 χρησμολόγῳ,
1156 500 1222 560 τὸ
1264 500 1528 576 ἐλελήθεε
1573 500 1787 564 πάντας

175 587 313 651 τούς
329 587 637 663 Ἕλληνας·
685 619 688 623 ’

415 684 666 737 Κωλιάδες
699 685 751 732 δὲ
781 685 999 745 γυναῖκες
1033 686 1273 746 ἐρετμοῖσι
1305 688 1547 748 φρύξουσι.

176 765 354 825 τοῦτο
378 763 437 821 δὲ
464 764 669 838 ἔμελλε
695 761 1085 825 ἀπελάσαντος
1107 764 1388 845 βασιλέος
1414 766 1664 825 ἔσεσθαι.

266 850 480 927 Ξέρξης
509 850 569 908 δὲ
606 849 677 915 ὥς
714 850 883 926 ἔμαθε
917 850 983 910 τό
1008 851 1240 932 γεγονὸς
1265 851 1458 922 πάθος,
1488 852 1676 916 δείσας
1701 853 1783 930 μή
1801 855 1876 916 97

177 964 269 1002 τις
320 943 431 998 τῶν
477 937 672 997 Ἰώνων
716 937 994 1014 ύποθῆται
1033 942 1186 999 τοῖσι
1223 938 1495 1016 Ἕλλησι,
1543 939 1579 1016 ἢ
1626 939 1785 1001 αὐτοὶ

181 1026 456 1102 νοήσωσι,
483 1025 676 1085 πλέειν
712 1030 766 1089 ἐς
789 1025 890 1086 τᾶν
914 1025 1346 1102 Ἑλλήσποντον
1381 1027 1650 1091 λύσοντες
1683 1028 1783 1091 τοὶς

179 1113 451 1196 γεφύρας,
481 1114 573 1174 καὶ
598 1113 994 1191 ἀπολαμφθεὶς
1019 1119 1079 1173 ἐν
1103 1119 1176 1192 τῇ
1201 1114 1441 1193 Εὐρώπῃ
1467 1115 1786 1175 ἀπολέσθαι

183 1203 541 1272 κινδυνεύσει,
564 1201 821 1280 δρησμὸν
854 1202 1140 1277 ἐβούλευε·
1184 1202 1361 1262 θέλων
1393 1203 1452 1260 δὲ
1484 1202 1566 1278 μή
1600 1203 1784 1278 ἐπίδη-

182 1294 289 1353 λος
320 1291 461 1350 εἶναι
493 1290 637 1367 μήτε
670 1293 824 1350 τοῖσι
839 1288 1095 1366 ’Ἕλλησι
1128 1289 1271 1367 μήτε
1304 1293 1457 1350 τοῖσι
1484 1293 1699 1359 ἑωυτοῦ,
1728 1295 1783 1353 ἐς

180 1378 289 1454 τήν
326 1381 624 1457 Σαλαμῖνα
657 1382 822 1458 χῶμα
863 1382 1120 1456 ἐπειρᾶτο
1158 1378 1405 1457 διαχοῦν·
1451 1377 1694 1459 γαυλούς
1721 1404 1784 1438 τε

183 1467 529 1543 Φοινικηίους
564 1467 808 1537 συνέδεε,
855 1467 947 1525 ἵνα
978 1466 1113 1537 ,ἀντί
1147 1492 1210 1527 τε
1252 1467 1478 1545 σχεδίης
1524 1469 1656 1527 ἔωσι
1691 1467 1784 1526 καὶ

181 1555 431 1632 τείχεος·.
469 1553 696 1661 ἀρτέετό
726 1579 791 1614 τε
822 1559 876 1617 ἐς
914 1554 1182 1631 πόλεμον,
1226 1555 1296 1619 ὥς
1334 1556 1643 1635 ναυμαχίην
1682 1548 1783 1614 ἅλ-

180 1644 296 1717 λην
325 1642 719 1719 ποιησόμενος.
774 1641 1026 1719 ὁρεοντες
1062 1641 1125 1701 δέ
1157 1668 1255 1718 μιν
1290 1643 1492 1706 πάντες
1527 1647 1580 1702 οἶ
1611 1641 1784 1702 ἄλλοι

179 1733 367 1791 ταῦτα
403 1729 772 1843 πρήσσοντα,
785 1728 844 1789 ευ
877 1731 1175 1797 ἐπιστέατο
1212 1729 1283 1792 ὥς
1316 1735 1377 1789 ἐκ
1410 1729 1616 1792 παντὸς
1653 1729 1782 1788 νόου

179 1820 645 1895 παρεσκεύασται
694 1819 874 1895 μένων
929 1817 1296 1894 πολεμήσειν·
1365 1814 1684 1893 Μαρδόνιον
1732 1816 1782 1874 δ’

179 1906 346 1967 οῦδὲν
377 1905 585 1966 τούτων
615 1905 898 1976 ἐλάνθανε,
927 1906 997 1969 ὥς
1029 1904 1284 1981 μαλιστα
1324 1905 1584 2023 ἔμπειρον
1623 1902 1784 1962 ἐόντα

174 1997 286 2069 τῆς
315 1994 521 2055 ἐκείνου
549 1995 809 2070 διανοίης.
860 2033 865 2037 ·

264 2081 456 2142 Ταῦτά
505 2107 570 2142 τε
621 2080 739 2158 ἅμα
791 2082 1002 2159 Ξέρξης
1055 2080 1249 2153 ἐποίεε,
1306 2081 1397 2138 καὶ
1461 2079 1671 2155 ἔπεμπε
1729 2084 1784 2140 ἐς
1800 2079 1878 2137 98

177 2172 421 2278 Πέρσας
455 2169 798 2251 ἀγγελέοντα
828 2167 932 2244 τὴν
965 2166 1287 2245 παρεοῦσάν
1319 2174 1430 2242 σφι
1462 2163 1783 2244 συμφορήν.

174 2257 394 2320 τούτων
446 2258 525 2317 δὲ·
558 2263 666 2319 τῶν
719 2256 975 2338 ἀγγέλων
1018 2256 1141 2316 ἔστι
1183 2254 1418 2314 ούδὲν”
1386 2283 1417 2314 ο
1463 2281 1519 2316 τι
1562 2254 1785 2325 θάσσον

176 2347 550 2425 παραγίνεται
585 2344 786 2422 θνητόν
822 2343 931 2404 ἐόν·
974 2343 1117 2404 οὕτω
1150 2347 1303 2403 τοῖσι
1339 2344 1606 2422 Πέρσῃσι
1641 2340 1785 2412 ἐξεύ-

176 2459 354 2513 ρηται
390 2438 577 2494 τοῦτο.
654 2434 894 2513 λέγουσι
904 2432 1047 2544 ε’γοὶρ,
1089 2430 1159 2497 ὥς
1189 2428 1338 2489 ὅσων
1370 2428 1438 2490 ἂν
1471 2429 1510 2509 ᾗ
1540 2431 1786 2507 ἡμερέων

177 2522 223 2598 ἦ
249 2526 417 2582 πᾶσα
441 2521 586 2591 εἶδος,
612 2524 876 2581 τοσοῦτοι
904 2521 1064 2587 ἵπποι
1089 2543 1151 2578 τε
1178 2518 1271 2576 καὶ
1296 2515 1486 2593 ανδρες
1511 2518 1784 2587 διεστᾶσι,

181 2610 334 2671 κατὰ
369 2609 685 2688 ἡμερησίην
731 2609 861 2669 ὁδὸν
906 2606 1146 2682 ἑκάστην
1191 2605 1359 2666 ἵππος
1399 2630 1461 2664 τε
1508 2605 1600 2663 καὶ
1646 2604 1785 2681 ἀνὴρ

179 2700 542 2779 τεταγμένος·
608 2724 739 2760 τους
792 2695 918 2757 οὔτε
969 2693 1210 2771 νιφετος,
1267 2690 1366 2752 ούκ
1429 2690 1661 2769 ὄμβρος,
1723 2692 1788 2753 ού

183 2790 394 2863 καῦμα,
433 2787 498 2847 ού
538 2786 640 2856 νυξ
679 2786 855 2866 ἐέργει
883 2784 964 2861 μή
998 2782 1062 2843 οὗ
1096 2780 1403 2842 κατανύσαι
1436 2806 1534 2841 τον
1568 2780 1786 2857 προκεί-

183 2900 359 2953 μενον
387 2878 566 2954 ἑωυτῷ
589 2873 796 2951 δρόμον
813 2872 916 2948 τήν
934 2871 1232 2949 ταχίστην.
1289 2869 1322 2929 ὁ
1348 2871 1451 2945 μὲν
1476 2867 1545 2945 δη
1571 2871 1788 2944 πρῶτος

185 2962 414 3040 δραμων
448 2962 748 3042 παραδιδοῖ
772 2987 845 3021 τα
882 2959 1254 3034 ἐντεταλμένα
1288 2961 1364 3035 τῷ
1397 2953 1703 3031 δευτέρῳ,“
1671 2979 1702 3011 ο
1729 2953 1789 3010 δὲ

187 3051 443 3128 δεύτερος
477 3056 555 3131 τῷ
583 3051 768 3129 τρίτῳ·
808 3074 874 3108 το
912 3047 970 3106 δὲ
1008 3045 1256 3105 ἐνθεῦτεν
1289 3017 1395 3120 ἤδη
1430 3067 1569 3101 κατα
1608 3037 1789 3098 ἄλλον

187 3139 532 3218 διεξέρχεται
562 3135 990 3215 παραδιδόμενα,
1020 3131 1265 3209 κατάπερ
1283 3131 1538 3204 Ἕλλησι
1570 3124 1608 3202 ἦ
1643 3128 1789 3201 λαμ-

187 3224 542 3306 παδηφοριη,
588 3224 690 3302 τήν
729 3249 808 3303 τῳ
836 3219 1145 3298 “Ηφαι’στῳ
1180 3216 1545 3278 ἐπιτελέουσι.
1622 3214 1790 3273 τοῦτο
