2100 3409
184 102 426 167 27-32]
886 103 1191 152 OTPANIA.
1707 107 1803 157 231

186 183 626 263 ἐσβάλλοντας·
666 183 721 243 οἱ
746 180 822 252 δὲ,
844 180 916 246 οἷς
941 180 1396 260 α’ναρπασόμενοι
1420 183 1552 247 τούς
1569 186 1806 256 Φωκέας,

188 272 510 351 φερόμενοι
550 270 826 331 ἐσέπεσον
865 275 922 334 ἐς
959 270 1091 334 τούς
1130 269 1437 349 ἀμφορέας·
1481 272 1714 332 ἐνθαῦτα
1755 276 1808 332 οἳ

191 364 370 420 ἵπποι
422 359 495 420 τοὶ
548 360 758 418 σκέλεα
817 358 1221 436 διεφθάρησαν.
1305 358 1530 419 Τούτων
1575 359 1646 436 δή
1697 366 1810 435 σφι
1824 362 1902 419 29

191 449 539 526 οἷμφοτέρων
566 448 786 529 ἔχοντες
810 447 1040 526 ἔγκοτον
1067 449 1119 505 οἳ
1154 448 1466 518 Θεσσαλοὶ,
1492 449 1810 526 πέμψαντες

193 537 421 614 κήρυκα
452 533 721 615 ἠγόρευον
762 533 911 594 τάδε·
962 543 998 569 “
1016 533 1060 592 ὦ
1094 536 1320 604 Φωκέες,
1347 533 1454 611 ἤδη
1490 561 1545 595 τι
1579 538 1809 614 μᾶλλον

193 623 622 705 γνωσιμαχέετε
647 621 727 698 μή
757 620 895 681 εἶναι
922 619 1110 698 ὁμοῖοι
1143 620 1296 698 ἡμῖν·
1338 623 1588 699 πρόσθεν
1612 650 1674 684 τε
1698 623 1811 705 γσῖρ

197 718 262 771 ἐν
295 715 453 770 τοῖσι
477 709 750 785 Ἕλλησι,
789 709 931 769 ὅσον
966 708 1171 788 χρόνον
1208 712 1386 768 ἐκεῖνα
1425 710 1561 786 ἡμῖν
1593 710 1806 787 ἥνδανε,

196 798 384 858 πλέον
421 799 533 857 αἰεί
566 823 692 857 κοτε
723 795 905 874 υμέων
944 796 1276 873 ἐφερόμεθα·
1327 801 1424 857 νῦν
1458 823 1519 857 τε
1554 799 1707 876 παροῖ
1733 826 1811 859 τω

195 885 488 965 βαρβάρω
533 888 807 945 τοσοῦτον
855 884 1149 962 δυνάμεθα,
1193 884 1338 944 ὥστε
1379 884 1463 944 ἐπ’
1506 885 1641 963 ημῖν
1683 893 1806 947 ἐστι

195 978 306 1049 τῆς
358 978 464 1054 γῆς
515 998 579 1033 τε
631 973 972 1048 ἐστερῆσθαι
1031 973 1124 1030 καὶ
1175 998 1315 1049 προς
1322 958 1809 1050 ἠνδραποδίσθαι

198 1060 396 1138 ὖμέας·
439 1060 603 1138 ημέες
626 1062 818 1137 μέντοι
843 1060 910 1120 τὸ
946 1064 1063 1119 πᾶν
1100 1062 1315 1138 ἔχοντες
1349 1060 1414 1120 οὗ
1443 1064 1810 1138 μνησικακέο-

198 1174 331 1226 μεν·
397 1148 529 1207 οἶλλ’
581 1148 717 1225 ἡμῖν
769 1149 1016 1230 γενέσθω
1071 1147 1186 1207 ἄντ’
1240 1147 1418 1208 αὐτῶν
1468 1149 1811 1224 πεντήκοντα

198 1237 457 1296 τάλαντα
485 1237 763 1318 οἷργυρίου,
793 1237 884 1294 καὶ
909 1235 1040 1312 ὖμῖν
1074 1234 1458 1311 ὕποδεκόμεθα
1488 1236 1559 1294 τοὶ
1587 1237 1810 1296 ἐπιόντα

204 1325 303 1386 ἐπὶ
327 1325 430 1400 τήν
454 1324 640 1403 χώρην
667 1322 1052 1402 ἇπστρέψειν.”

287 1411 480 1470 Ταῦτά
519 1419 631 1487 σφι
673 1413 1093 1491 ἐπαγγέλλοντο
1136 1413 1188 1468 οἱ
1228 1413 1541 1471 Θεσσαλοί·
1584 1413 1662 1492 (οἱ
1699 1411 1807 1493 γὰρ
1827 1414 1905 1472 30

202 1500 418 1562 Φωκέες
450 1504 647 1576 μοῦνοι
687 1502 796 1558 τῶν
835 1498 1010 1577 ταύτῃ
1050 1497 1353 1574 ἀνθρώπων
1395 1498 1494 1558 οὔκ
1537 1499 1809 1577 ἐμήδιζον,

207 1587 327 1647 κατ’
396 1586 545 1647 ἄλλο
611 1590 714 1665 μὲν
784 1585 956 1659 οὐδὲν,
1020 1586 1091 1648 ὦς
1160 1586 1269 1666 ἐγώ
1335 1589 1813 1665 συμβαλλόμενος
1879 1635 1884 1641 -

208 1675 460 1752 εὑρίσκω,
518 1676 658 1735 κατὰ
712 1676 770 1734 δὲ
817 1674 882 1734 τό
940 1673 1101 1752 ἔχθος
1142 1672 1208 1733 τὸ
1252 1680 1633 1743 Θεσσαλῶν.
1657 1680 1703 1734 εἰ
1750 1675 1811 1734 δὲ

204 1764 504 1822 Θεσσαλοὶ
560 1762 633 1822 τὰ
683 1762 983 1838 Ἑλλήνων·
1031 1760 1216 1837 ηὖξον,
1251 1835 1256 1839 ,
1286 1761 1355 1823 ὥς
1410 1764 1532 1838 ἐμοὶ
1586 1763 1807 1832 δοκέειν,

206 1850 467 1927 ἐμήδιζον
520 1848 586 1910 ἂν
640 1854 694 1910 οἶ
746 1851 998 1930 Φωκέες·)
1080 1853 1255 1908 ταῦτα
1313 1851 1813 1929 ἐπαγγελλομένων

202 1943 542 2009 Θεσσαλῶν,
581 1938 708 1999 οὔτε
745 1936 944 1997 δώσειν
984 1940 1205 2014 ἔφασαν
1244 1937 1506 2016 χρήματα
1548 1937 1810 2022 παρέχειν

197 2029 270 2086 τέ
329 2033 443 2103 σφι
513 2030 874 2086 Θεσσαλοῖσι
941 2025 1142 2103 ὁμοίως
1208 2024 1469 2102 μηδίζειν,
1526 2027 1594 2097 εἶ’
1624 2022 1810 2088 ἄλλως

198 2116 538 2190 βουλοίατο·
580 2112 712 2172 ἀλλ’
741 2113 837 2172 οὐκ
866 2115 1100 2173 ἔσεσθαι
1132 2113 1344 2175 ἑκόντες
1382 2113 1518 2172 εἶναι
1543 2111 1809 2189 προδόται

198 2206 306 2283 τῆς
347 2201 645 2265 Ἑλλάδος.
727 2201 952 2277 Ἐπειδὴ
1002 2202 1061 2260 δὲ
1105 2201 1513 2280 ἀνηνείχθησαν
1559 2197 1712 2259 οὗτοι
1757 2203 1809 2259 οἱ
1826 2201 1899 2260 31

199 2288 390 2371 λόγοι,
449 2288 588 2349 οὕτω
640 2288 708 2365 δὴ
766 2292 819 2348 οἶ
873 2291 1165 2348 Θεσσαλοὶ
1229 2290 1600 2369 κεχολωμένοι
1657 2292 1809 2349 τοῖσι

201 2382 478 2448 Φωκεῦσι,
517 2378 772 2458 ἐγένοντο
802 2377 1070 2458 ἡγεμόνες
1108 2382 1185 2455 τῷ
1220 2378 1503 2456 βαρβάρῳ
1533 2382 1631 2455 τῆς
1659 2377 1808 2436 ὁδοῦ·

203 2471 267 2526 ἐκ
302 2469 408 2542 μὲν
444 2466 512 2540 δή
548 2470 647 2542 τῆς
683 2467 982 2544 Τρηχινίης
1024 2470 1079 2527 ἐς
1110 2465 1214 2539 τὴν
1251 2466 1469 2541 Δωρίδα
1508 2466 1809 2539 ἐσέβαλον·

200 2557 307 2628 τῆς
332 2553 446 2634 γοΪρ
476 2552 719 2629 Δωρίδος
744 2553 930 2632 χώρης
956 2552 1169 2612 ποδεών
1197 2552 1412 2614 στεινὸς
1447 2551 1617 2631 ταύτῃ
1645 2578 1810 2612 κατα-

200 2642 388 2711 τείνει,
444 2666 515 2703 ως
567 2641 861 2718 τριήκοντα
915 2641 1156 2701 σταδίων
1209 2638 1464 2717 μάλιστά
1516 2665 1583 2714 κη
1637 2639 1810 2717 εὖρος,

202 2730 457 2805 κείμενος
496 2729 703 2807 μεταξυ
744 2733 845 2805 τῆς
886 2756 949 2790 τε
994 2729 1252 2805 Μηλίδος
1293 2728 1384 2786 καὶ
1426 2731 1525 2804 τῆς
1570 2729 1813 2792 Φωκίδος

202 2815 410 2895 χώρης,
431 2816 574 2893 ἥπερ
602 2844 697 2894 ην
697 2845 764 2878 το
746 2816 1028 2877 παλαιόν
1052 2816 1314 2893 Δρυοπίς·
1348 2814 1385 2891 ἦ
1414 2816 1472 2874 δὲ
1497 2815 1651 2895 χώρη
1672 2813 1813 2892 αὕτη

206 2905 333 2964 ἐστὶ
383 2906 735 2983 μητρόπολις
791 2908 1046 2983 Δωριέων
1097 2907 1206 2963 τῶν
1259 2909 1316 2964 ἐν
1370 2902 1810 2980 Πελοποννήσω.

205 2992 414 3069 ταύτην
442 2992 517 3052 ὠν
541 2993 644 3068 τὴν
673 2995 894 3071 Δωρίδα
919 2996 1028 3073 γῆν
1057 3018 1155 3050 ουκ
1183 2992 1437 3050 ἐσίναντο
1466 2987 1813 3064 ἐσβαλόντες

207 3083 262 3139 οἶ
293 3082 609 3159 βάρβαροι·
667 3082 922 3159 ἐμήδιζόν
957 3106 1018 3139 τε
1060 3079 1184 3160 γὰρ,
1214 3079 1304 3137 καὶ
1333 3078 1432 3137 οὐκ
1460 3075 1639 3133 ἐδόκεε
1664 3078 1811 3131 Θεσ-

202 3171 468 3227 σαλοῖσι.
550 3167 648 3232 Ὠς
700 3170 760 3228 δὲ
801 3175 861 3227 ἐκ
906 3172 1006 3242 τῆς
1056 3167 1300 3243 Δωρίδος
1346 3169 1401 3227 ἐς
1445 3162 1548 3236 τὴν
1591 3160 1810 3219 Φωκίδα
1828 3163 1906 3222 32

205 3255 517 3332 ἐσέβαλον,
545 3255 742 3320 αὐτοῦς
766 3257 870 3333 μὲν
895 3254 1024 3337 τούς
1054 3253 1275 3315 Φωκέας
1306 3248 1407 3310 οὔκ
1444 3247 1714 3326 αἱρέουσι·
1758 3251 1814 3310 οἱ

789 3347 794 3352 “
1956 3336 2071 3380 ’4-
