2100 3409
182 85 480 151 112-118]
818 87 1194 141 lmmomz.
1688 95 1787 144 835

178 170 304 227 τῶν
340 166 535 228 ἄλλων
571 169 681 232 τῶν
713 170 1060 246 περιοικίδων
1099 196 1192 229 και
1223 169 1292 246 δὴ
1321 171 1415 231 καὶ
1448 177 1509 232 ἐκ
1539 174 1788 250 Καρδίης

181 257 393 320 πόλιος
424 255 791 334 Οἷόβαζος,’
756 284 897 335 ανηρ
926 258 1234 335 Πέρσης,“’
1201 286 1262 322 ος
1281 286 1358 319 τα
1384 266 1448 318 ἐκ
1474 264 1585 320 τῶν
1614 269 1787 343 γεφυ-

180 346 329 425 ρέων
368 344 522 405 ὅπλα
562 345 862 404 ἐνθαῦτα’
827 371 897 421 ην
933 372 1250 422 κεκομικως·
1301 348 1453 426 εἶχον
1487 348 1547 407 δὲ
1579 348 1786 459 ταύτην

181 432 478 512 ἐπιχώριοι
507 433 752 501 Αἰολέες,
787 437 1044 508 συνῆσαν
1080 435 1140 493 δὲ
1174 435 1397 511 Πέρσαι
1436 462 1499 495 τε
1541 437 1634 495 καὶ
1674 441 1784 496 τῶν

178 520 381 581 ἄλλων
411 519 726 599 συμμάχων
760 521 968 601 συχνὸς
999 520 1217 599 ὅμιλος.
1295 522 1649 600 Ἐτυράννευε
1684 525 1743 584 δὲ
1764 526 1875 587 116

175 607 386 668 τούτου
408 613 512 669 τοῦ
546 613 720 685 νομοῦ
745 609 962 686 Ξέρξεω
985 608 1238 689 ὕπαρχος
1259 610 1613 688 Ἀρταΰκτης,
1641 611 1782 689 ἀνὴρ

174 698 291 773 μὲν
316 698 562 774 Πέρσης,
591 695 766 761 δεινός
800 697 859 757 δὲ
896 698 989 757 καὶ
1013 697 1358 762 α’τοῖσθαλος·
1402 698 1464 762 ὃς
1488 701 1581 760 καὶ
1604 702 1776 776 βασι-

174 784 293 843 λέα
346 784 648 845 ἐλαύνοντα
695 783 778 844 ἐπ’
829 783 1074 862 Ἀθήνας
1117 786 1450 864 ἐξηπάτησε,
1495 789 1566 848 τά
1622 795 1781 865 Πρω-

172 873 421 932 τεσίλεω
456 876 558 933 τοῦ
583 871 841 949 Ἰφίκλου
865 873 1131 952 χρήματα
1162 874 1225 943 ἐξ
1253 874 1611 939 Ἐλαιοῦντος
1645 876 1780 952 ὑφε-

173 960 441 1036 λόμενος·
496 965 555 1020 ἐν
595 961 705 1041 γοῖρ
747 960 1065 1023 Ἐλαιοῦντι
1093 966 1195 1039 τῆς
1238 963 1612 1040 Χερσονήσου
1652 965 1777 1025 ἐστὶ

174 1049 558 1125 Πρωτεσίλεω
589 1049 772 1124 τάφος
800 1075 863 1109 τε
899 1051 990 1109 καὶ
1019 1050 1247 1127 τέμενος
1275 1053 1406 1130 περὶ
1436 1053 1617 1126 αὐτὰν,
1647 1054 1778 1113 ἔνθα

172 1135 250 1212 ἦν
275 1135 541 1214 χρήματα
562 1137 774 1206 πολλοὶ,
796 1138 888 1196 καὶ
909 1137 1117 1213 φιάλαι
1134 1139 1371 1218 χρύσεαι
1387 1142 1478 1199 καὶ
1498 1139 1777 1220 ἀργύρεαι,

176 1224 275 1283 καὶ
313 1224 546 1303 χαλκός,
590 1225 682 1283 καὶ
735 1225 924 1301 ἐσθὴς,
967 1227 1062 1284 καὶ
1107 1225 1262 1284 ἄλλα
1304 1225 1648 1304 ἀναθήματα,
1699 1227 1774 1287 τὰ

174 1310 520 1390 Ἀρταΰκτης
572 1312 837 1389 ἐσύλησε,
876 1314 1157 1390 βασιλέος
1207 1313 1419 1378 δόντος·
1484 1315 1664 1394 λέγων
1715 1315 1777 1375 δὲ

171 1400 366 1460 τοιοίδε
394 1401 604 1478 Ξέρξεα
634 1399 954 1476 διεβάλετο·
997 1412 1033 1438 “
1049 1402 1314 1475 δέσποτα,
1352 1404 1475 1463 ἔστι
1510 1402 1659 1465 οἶκος
1682 1402 1775 1463 οἷν-

172 1487 307 1564 8sz-
321 1486 606 1564 Ἕλληνος
631 1490 885 1561 ἐνθαῦτα,
912 1491 973 1553 ὃς
999 1491 1090 1548 ἐπὶ
1115 1494 1224 1572 γῆν
1249 1490 1351 1566 τὴν
1377 1491 1489 1568 σὴν
1513 1516 1776 1567 στρατευ-

167 1574 438 1653 σάμενος,
466 1577 618 1653 δίκης
643 1576 890 1654 κυρήσές
908 1576 1169 1638 ἀπέθανε·
1210 1578 1409 1638 τούτου
1432 1605 1533 1655 μοι
1558 1578 1653 1640 δὸς
1677 1579 1777 1639 τᾶν

168 1665 349 1734 οἶκον,
393 1664 482 1724 ἵνα
521 1666 620 1724 καί
646 1689 731 1727 τις
765 1665 921 1744 μάθῃ
957 1665 1048 1725 ἐπὶ
1080 1670 1189 1742 γῆν
1218 1666 1322 1741 τήν
1353 1665 1467 1741 σὴν
1495 1665 1576 1742 μὴ
1602 1691 1773 1743 στρα-

163 1751 489 1813 τεύεσθαι·”
516 1757 694 1813 ταῦτα
717 1755 913 1834 λέγων,
943 1752 1206 1816 εὐπετέως
1232 1755 1436 1829 ἔμελλε
1453 1752 1776 1813 ἀναπείσειν

165 1840 389 1916 Ξέρξεα
413 1840 601 1901 δοῦναι
626 1840 826 1918 ἀνδρός
850 1841 1020 1914 οἶκον,
1047 1840 1204 1901 οὐδὲν
1225 1840 1649 1916 ὑποτοπηθέντα
1663 1844 1775 1900 τῶν

166 1931 384 1992 ἐκεῖνος
410 1928 657 2006 ἐφρόνεε·
691 1931 783 1989 ἐπὶ
807 1933 917 2011 γῆν
943 1929 1126 2005 δὲτὴν
1143 1929 1424 2005 βασιλέος
1440 1926 1776 2004 στρατεύεσ-

167 2017 271 2076 θαι
313 2018 718 2094 Πρωτεσίλεων
757 2019 943 2099 ἔλεγε,
970 2018 1139 2078 νοέων
1176 2016 1379 2076 τοιάδε·
1432 2014 1536 2091 τήν
1572 2015 1776 2091 Ἀσίην

164 2107 372 2164 πᾶσαν
402 2107 691 2183 νομίζουσι
726 2109 938 2166 ἑωυτῶν
970 2105 1110 2166 εἶναι
1141 2105 1381 2181 Πέρσαι,
1410 2104 1504 2163 καὶ
1532 2106 1634 2163 τοῦ
1666 2104 1774 2162 αἰεὶ

164 2192 601 2270 βασιλεύοντος·
645 2194 764 2253 ἐπεὶ
795 2193 855 2252 δὲ
889 2193 1055 2269 ἐδόθη
1089 2192 1161 2252 rot
1195 2191 1475 2270 χρήματα,
1504 2192 1567 2262 ἐξ
1587 2190 1777 2250 Ἐλαι-

168 2284 372 2347 οῦντος
396 2286 451 2344 ἐς
478 2280 706 2357 Σηστόν
731 2280 1057 2357 ἐξεφόρησε,
1086 2281 1178 2339 καὶ
1203 2279 1268 2340 τὸ
1293 2281 1517 2357 τέμενος
1552 2280 1775 2358 ἔσπειρε

167 2369 266 2428 καὶ
303 2369 547 2445 ἐνέμετο·
589 2367 758 2432 αὐτός
789 2393 852 2428 τε
887 2368 1024 2431 ὅκως
1061 2366 1317 2428 ἀπίκοιτο
1344 2374 1400 2433 ἐς
1424 2367 1772 2440 Ἐλαιοῦντα,

166 2463 231 2517 ἐν
255 2460 338 2535 τῷ
361 2455 543 2536 ἀδύτῳ
565 2457 835 2537 γυναιξὶ’
810 2456 1096 2536 εμίσγετο.
1162 2455 1291 2517 τότε
1310 2457 1369 2515 δὲ
1386 2457 1774 2532 ἐπολιορκέετο

165 2543 287 2604 ὑπο
311 2543 631 2621 Ἀθηναίων,
663 2542 789 2604 οὔτε
812 2544 1339 2621 παρεσκευασμένος
1364 2547 1420 2605 ἐς
1445 2542 1773 2619 πολιορκίην

167 2656 304 2693 ουτε
345 2628 791 2710 προσδεκόμενος
832 2657 962 2696 τους
991 2631 1298 2707 Ελληνας·
1362 2629 1667 2710 αφυλάκτῳ
1714 2630 1777 2689 δέ

169 2746 282 2784 κως
300 2719 447 2800 αὐτῷ
460 2721 756 2780 ἐπέπεσον.
812 2719 975 2780 Ἐπεὶ
995 2720 1056 2780 δε
1081 2719 1607 2796 πολιορκεομένοισί
1622 2725 1735 2795 σφι
1753 2719 1781 2777 1
1792 2711 1867 2780 17

169 2807 533 2886 φθινόπωρον
573 2809 871 2890 ἐπεγίνετο,
916 2809 1008 2867 καὶ
1048 2806 1352 2887 ἤσχαλλον
1395 2808 1448 2867 οἶ
1488 2804 1775 2882 Ἀθηναῖοι

168 2895 288 2956 α’πὸ
319 2921 384 2956 τε
417 2900 520 2972 τῆς
555 2899 765 2955 ἑωυτῶν
797 2894 1205 2972 ἀποδημέοντες
1246 2896 1337 2953 καὶ
1378 2896 1444 2956 οὗ
1486 2893 1775 2969 δυνάμενοι

169 2984 387 3053 ἐξελεῖν
425 2983 492 3044 vd
533 2988 734 3062 τεῖχος,
773 2984 989 3043 ἐδέοντό
1029 3008 1092 3043 τε
1132 2987 1242 3042 τῶν
1273 2985 1600 3061 στρατηγῶν
1636 2979 1774 3042 ὅκως·

170 3070 446 3153 ἅπάγοιέν
489 3078 673 3148 σφεας
709 3071 907 3140 ὀπίσω,
953 3074 1008 3130 οἱ
1049 3071 1112 3130 δὲ
1154 3069 1254 3130 οὗκ
1295 3071 1532 3146 ἔφασαν,
1565 3065 1698 3142 πρὶν
1735 3062 1775 3141 ἢ

171 3160 413 3230 ἐξέλωσι
437 3157 474 3235 ἢ
496 3160 564 3219 τὰ
588 3158 894 3235 Ἀθηναίων
919 3159 1105 3221 κοινόν
1123 3164 1309 3236 σφεας
1326 3154 1774 3234 μεταπέμψηται·

170 3245 320 3309 οὕτω
343 3246 414 3324 δὴ
433 3247 701 3327 ἔστεργον
724 3245 797 3310 ταῖ
821 3245 1120 3326 παρεόντα.
1204 3249 1278 3306 Οἱ
1304 3244 1350 3304 δ’
1377 3249 1437 3304 ἐν
1461 3247 1540 3323 τῷ
1562 3242 1736 3323 τείχεϊ
1754 3241 1871 3304 118

1955 3334 2065 3388 ,-
