2100 3409
33 13 455 118 'nu-137]
856 54 1088 103 ΕΡΑΤΩ.
1583 87 1589 93 ·
1674 61 1767 109 115

158 133 230 191 οὐ
269 137 485 209 Τιμοῦν
520 131 661 192 εἶναι
699 131 805 208 τήν
839 135 1022 206 αἰτίην
1049 133 1282 205 τούτων,
1317 132 1474 195 άλλοῖ
1508 134 1623 197 δεῖν
1659 137 1772 217 γάρ

160 219 487 280 Μιλτιάδεα
524 222 792 280 τελευτᾶν
830 220 912 298 μὴ
955 219 1034 292 εὖ,
1070 222 1322 297 φανῆναί
1352 225 1406 281 οἶ
1440 227 1552 282 τῶν
1593 229 1772 283 κακῶν

162 306 542 387 κατηγεμόνα·
613 308 886 383 Παρίοισι
908 311 1013 386 μὲν
1040 309 1110 383 δὴ
1136 312 1311 369 ταῦτα
1335 308 1374 384 ἦ
1400 310 1588 385 Πυθίη
1614 311 1769 389 ἔχρη-

162 421 258 456 σε.
339 394 631 472 Ἀθηναῖοι
657 395 769 455 δὲ’
743 422 802 456 εκ
831 395 1029 472 Πάρου
1062 396 1380 456 Μιλτιάδεα
1419 395 1730 472 άπονοστή-
1753 399 1866 456 136

164 509 353 544 σαντα
391 483 565 563 ἔσχον
603 487 662 544 ἐν
697 483 950 561 στόμασι
987 484 1046 543 οἵ
1075 509 1138 544 τε
1177 483 1351 544 ἄλλοι
1386 485 1479 543 καὶ
1517 484 1775 560 μάλιστα

164 569 559 635 Ξάνθιππος
525 597 558 630 ο
584 570 936 656 Ἀρίφρονοςξ
979 570 1042 634 ὃς
1069 570 1366 632 θανάτουε
1333 597 1636 653 υπαγαγων
1660 571 1772 633 ὕπο

164 659 267 719 τόν
307 659 489 735 δῆμον
515 659 832 718 Μιλτιάδεα
872 659 1059 719 ἐδίωκε
1088 663 1190 734 τῆς
1211 658 1520 735 Ἀθηναίων
1558 658 1775 736 άπάτης

168 746 396 810 εἵνεκεν·
438 745 755 821 Μιλτιάδης
797 745 857 805 δὲ
899 745 1064 809 αὐτᾶς
1103 749 1207 823 μὲν
1248 746 1466 823 παρεών
1504 746 1605 806 οὐκ
1640 746 1774 807 άπε-
1829 799 1834 804 .

168 834 431 914 λογέετο·
489 831 560 907 ἦν
609 833 719 913 γάρ
771 832 1039 898 άδῦνατος
1093 832 1254 893 ὥστε·
1293 835 1617 911 σηπομένου
1670 839 1772 895 τοῦ

168 924 375 998 μηροῦ·
416 921 779 998 προκειμένου
814 922 875 981 δὲ
917 921 1087 982 αὐτοῦ
1125 927 1185 982 ἐν
1219 922 1381 1001 κλίνῃ
1422 921 1793 1000 ὖπεραπολον

169 1009 371 1089 γεόντο
415 1010 470 1067 οἱ
515 1008 696 1083 φίλοι,
737 1012 839 1084 τῆς
876 1008 1064 1088 μάχης
1106 1035 1169 1069 τε
1214 1013 1316 1085 τῆς
1361 1014 1420 1070 ἐν
1466 1012 1775 1088 Μαραθῶνι

170 1097 475 1177 γενομένης
519 1093 713 1155 πολλά
760 1097 1192 1173 ἐπιμεμνημένοι
1244 1096 1338 1155 καὶ
1387 1096 1492 1172 τὴν
1528 1097 1775 1174 ’Λήμνου

172 1183 412 1260 αἵρεσιν,
441 1182 511 1247 ὥς
538 1182 680 1242 ἔλων
706 1182 938 1259 Λῆμνόν
961 1209 1024 1243 τε
1053 1184 1145 1241 καὶ
1177 1183 1480 1261 τισάμενος
1507 1184 1637 1248 τούς
1664 1181 1799 1243 Πε-’

173 1271 436 1352 λασγούς
466 1270 748 1347 παρέδωκε
773 1269 1144 1346 Ἀθηναίοισι.
1226 1272 1679 1350 προσ-γενομένου
1717 1272 1777 1330 δὲ

172 1363 277 1418 τοῦ
322 1357 506 1435 δήμου
549 1357 695 1437 αὐτῷ
737 1358 877 1418 κατά
918 1358 1022 1434 τὴν
1067 1358 1349 1420 ἀπόλυσιν
1382 1362 1483 1419 τοῦ
1518 1358 1775 1430 θανάτου,

174 1446 563 1524 ζημιώσαντος
588 1446 648 1505 δὲ
675 1446 814 1505 κατὰ
833 1445 938 1522 τήν
964 1445 1181 1522 άδικίην
1206 1446 1549 1523 πεντήκοντα
1573 1446 1777 1507 ταλάν-

173 1560 349 1605 τοισι,
377 1533 694 1609 Μιλτιάδης
717 1536 820 1610 μὲν
844 1534 987 1611 μετὰ
1010 1539 1186 1596 ταῦτα
1222 1535 1678 1612 σφακελίσαντός
1715 1560 1778 1594 τε

171 1625 278 1681 τοῦ
313 1624 500 1698 μηροῦ
542 1621 634 1680 καὶ
673 1622 950 1684 σαπέντος
974 1625 1223 1701 τελευτᾷ,
1249 1623 1323 1682 τοὶ
1348 1621 1408 1681 δὲ
1432 1621 1776 1697 πεντήκοντα

174 1708 432 1769 τάλαντα
471 1707 683 1778 ἐξέτισε
724 1707 756 1768 ὃ
795 1707 926 1773 πάϊς
965 1709 1135 1768 αὐτοῦ
1176 1710 1390 1784 Κίμων.

257 1800 496 1874 Λῆμνον
522 1796 582 1855 δὲ
606 1795 923 1872 Μιλτιάδης
948 1796 980 1856 ὁ
1013 1797 1271 1872 Κίμωνος
1297 1793 1401 1854 ὧδε
1426 1796 1580 1874 ἔσχε·
1622 1800 1734 1853 Πε-
1758 1797 1869 1855 137
1944 1853 1954 1862 ,

175 1884 412 1966 λασγοὶ,
442 1884 566 1943 ἐπεί
594 1909 657 1944 τε
693 1888 755 1942 ἐκ
790 1889 890 1960 τῆς
914 1883 1172 1958 Ἀττικῆς
1209 1881 1320 1942 ὑπὸ
1354 1880 1663 1956 Ἀθηναίων
1699 1881 1780 1951 ἐξ

177 1973 538 2049 ἐβλήθησαν,
576 1972 685 2031 εἴτε
725 1970 800 2033 ὧν
840 1971 908 2047 δὴ
950 1971 1167 2033 δικαίως
1210 1970 1319 2030 εἴτε
1357 1967 1574 2031 α’δίκως·
1612 1973 1780 2028 τοῦτο

176 2060 290 2141 γάρ
329 2059 432 2120 οὐκ
463 2060 572 2138 ἔχω
607 2059 828 2136 φράσαι
867 2059 1020 2134 πλὴν
1055 2058 1128 2118 τοὶ
1161 2057 1460 2139 λεγόμενα·
1500 2055 1588 2116 ὅτι
1620 2055 1781 2114 Ἑκα-

175 2152 338 2211 ταῖος
378 2150 483 2225 μὲν
525 2147 558 2206 ὅ
599 2146 993 2228 Ἡγησάνδρου
1036 2148 1218 2223 ἔφησε
1262 2151 1320 2206 ἐν
1358 2147 1514 2205 τοῖσι
1554 2143 1783 2226 λόγοισι
1887 2184 1895 2191 ·

176 2236 365 2316 λέγων
391 2235 607 2297 ἀδίκως·
649 2235 772 2293 ἐπεί
792 2260 854 2295 τε
880 2234 990 2315 γάρ
1021 2235 1153 2294 ἰδεῖν
1176 2234 1305 2297 τούς
1327 2232 1656 2308 Ἀθηναίους
1679 2232 1784 2307 τὴν

175 2322 389 2402 χώρην,
414 2321 520 2397 τήν
546 2327 722 2397 σφισι
747 2321 969 2382 αὐτοῖσι
994 2321 1106 2380 ὑπὸ
1132 2321 1231 2381 τὸν
1255 2319 1553 2397 ’Υμησσὸν
1579 2324 1784 2379 ἐοῦσαν

178 2412 391 2470 ἔδοσαν
440 2412 666 2483 οἰκῆσαι
706 2409 914 2486 μισθὸν
958 2412 1060 2468 τοῦ
1105 2409 1316 2486 τείχεος
1359 2411 1462 2467 τοῦ
1507 2407 1636 2483 περὶ
1679 2407 1785 2482 τήν

178 2498 495 2574 ἀκρόπολίν
536 2522 663 2556 κοτε
706 2496 1072 2573 ἐληλαμένου·
1125 2494 1331 2570 ταύτην
1374 2493 1445 2557 ὦς
1488 2494 1619 2554 ἰδεῖν
1656 2494 1785 2558 τούς

176 2585 517 2660 Ἀθηναίους
542 2584 950 2664 ἐξεργασμένην
976 2583 1052 2654 εὖ,
1079 2583 1183 2657 τήν
1207 2580 1481 2658 πρότερον
1513 2580 1652 2640 εἶναι
1692 2606 1785 2639 κα-

180 2672 288 2748 κήν
313 2698 376 2732 τε
404 2671 498 2730 καὶ
523 2675 624 2731 τοῦ
649 2671 882 2747 μηδενὸς
908 2671 1084 2746 άξίην,
1113 2670 1318 2745 λαβεῖν
1348 2665 1562 2776 φθόνον
1593 2695 1658 2729 τε
1695 2671 1786 2728 καὶ

182 2761 380 2838 ἵμερον
405 2763 507 2834 τῆς
531 2784 652 2840 γης,
680 2759 773 2817 καὶ
799 2784 941 2818 ουτω
968 2756 1278 2827 ἐξελαύνειν
1306 2780 1505 2818 αυτους
1529 2755 1789 2833 ουδεμίαν

181 2846 374 2923 αλλην
421 2845 715 2954 πρόφασιν
767 2845 1214 2923 προῖσχομένους
1263 2867 1395 2904 τους
1441 2840 1785 2922 Ἀθηναίους.

184 2934 258 3003 ὥς
304 2934 367 2994 δὲ
408 2932 574 2994 αυτοὶ
610 2931 899 3008 Ἀθηναῖοι
943 2932 1196 3011 λέγουσι,
1241 2928 1458 2992 δικαίως
1505 2927 1787 2997 ἐξελάσαι.

185 3020 619 3097 κατοικημένους
657 3046 767 3101 γαρ
806 3045 935 3082 τους
962 3015 1306 3097 Πελασγους
1336 3040 1447 3073 υπο
1472 3017 1549 3090 τῷ
1572 3013 1787 3084 Ὑμησ-

183 3115 289 3188 σῷ,
320 3109 573 3169 ἐνθεῦτεν
599 3106 975 3184 ὁρμεωμένους
1001 3102 1235 3164 άδικέειν
1259 3102 1409 3161 τάδε·
1451 3099 1655 3173 φοιταν
1677 3092 1789 3172 γάρ

185 3199 297 3257 αἰεὶ
322 3220 428 3258 τας
454 3195 733 3272 σφετέρας
774 3193 1080 3275 θυγατέρας
1103 3215 1167 3251 τε
1194 3189 1286 3247 καὶ
1309 3209 1438 3248 τους
1462 3181 1662 3242 παῖδας
1702 3177 1787 3236 ἐπ’
