2100 3409
89 56 381 120 212—21131
729 60 1101 112 ΠΟΔΤΜΝῙΔ.
1603 64 1696 112 209

95 162 239 215 ριον,
266 136 393 196 ἀλλ’
423 138 517 197 ἐπὶ
540 137 820 219 Ἐπιάλτῃ
845 146 921 219 τῷ
946 140 1237 220 Τρηχινίῳ,
1264 139 1480 203 πάντως
1510 167 1608 200 κου
1629 141 1698 202 τὰ

97 224 501 301 ἀτρεκέστατον
555 228 876 303 πυθόμενοι·
931 232 1096 287 τοῦτο
1183 231 1224 296 ὲ,
1269 228 1551 308 φεύγοντα
1598 228 1700 288 τόν

97 311 406 389 Ἐπιάλτην
453 312 659 389 ταύτην
704 315 806 390 τὴν
852 316 1033 391 αἰτίην
1083 315 1324 391 οἴδαμεν·
1386 315 1549 390 εἰδείη
1593 318 1698 391 μὲν

102 398 216 477 γοῖρ
252 399 330 473 ἂν,
367 402 459 460 καὶ
502 401 604 461 ἐῶν
642 402 722 478 μή
764 402 1035 478 Μηλιεῧς,
1065 402 1271 478 ταύτην
1308 402 1414 479 τήν
1452 401 1700 478 οἷτραπὸν

102 484 335 564 Ὀνήτης
364 492 410 547 εἰ
434 493 506 567 τῇ
532 488 690 568 χώρῃ
708 489 905 549 πολλὰ
929 489 1223 568 ὦμιληκως
1249 490 1353 566 εἴη·
1391 488 1521 548 ἀλλ’
1546 489 1697 548 Ἑπι-

107 572 277 650 άλτης
299 575 406 656 γάρ
437 581 561 636 ἐστι
587 576 620 636 ὁ
646 577 1127 659 περιηγησάμενος
1151 576 1218 637 τό
1247 603 1407 655 ουρος
1434 577 1571 636 κατὰ
1595 577 1699 652 τήν

109 659 365 737 οἷτραπὸν,
392 668 592 725 τοῦτον
617 665 794 725 αἴτιον
817 665 1037 746 γράφω.

195 751 393 827 Ξέρξης
414 752 490 822 δὲ,
509 752 633 810 ἐπεί
648 755 702 811 οἱ
722 752 891 829 ἤρεσε
911 752 982 825 m)
1002 751 1285 830 ὑπέσχετο
1306 752 1337 812 ὁ
1356 751 1660 829 Ἐπιάλτης
1675 756 1789 813 215

116 838 570 919 κατεργάσεσθαι,
601 839 797 900 αὐτίκα
827 838 1133 917 περιχαρὴς
1160 839 1455 919 γενόμενος
1489 843 1698 917 ἔπεμπε

114 921 388 1002 ’Ὑδάρνεος
433 927 525 986 καὶ
571 930 682 986 τῶν
729 926 1066 1008 ἐστρατήγεε
1111 924 1395 1004 Ὑδάρνης·
1451 927 1698 1005 ὁρμέατο

119 1008 179 1069 δὲ
213 1014 330 1090 περὶ
364 1014 583 1093 λύχνων
614 1014 765 1090 οἷφᾶς
806 1019 865 1073 ἐκ
904 1017 1004 1074 τοῦ
1037 1016 1442 1092 στρατοπέδου.
1506 1015 1609 1091 τὴν
1639 1015 1698 1074 δὲ

119 1097 356 1174 ἀτραπόν
383 1102 592 1178 ταύτην
629 1103 848 1179 ἐξεῦρον
884 1105 987 1178 μὲν
1021 1106 1074 1161 οἰ
1116 1102 1399 1180 ἐπιχώριοι
1436 1104 1695 1177 Μηλιέες,

122 1186 412 1264 ἐξευρόντες
449 1191 509 1248 δὲ
541 1193 902 1250 Θεσσαλοῖσι
937 1188 1329 1269 κατηγήσαπο
1367 1192 1455 1248 ἐπὶ
1480 1193 1700 1253 Φωκέας

121 1272 253 1344 τότε,
288 1276 379 1336 ὅτε
415 1280 469 1335 οἱ
505 1279 715 1340 Φωκέες
752 1277 1065 1355 φράξαντες
1098 1277 1269 1355 τείχεϊ
1302 1276 1408 1352 τήν
1442 1277 1701 1353 ἐσβολὴν

121 1356 258 1432 ἦσαν
288 1369 344 1423 ἐν
375 1365 560 1442 σκέπῃ
592 1368 692 1424 τοῦ
727 1366 1000 1441 πολέμου·
1045 1366 1103 1422 ἔκ
1138 1390 1200 1423 τε
1234 1363 1411 1425 τόσου
1446 1365 1514 1441 δὴ
1547 1390 1697 1425 κατε-

124 1445 327 1510 δέδεκτο
365 1456 537 1512 ἐοῦσα
578 1451 735 1511 ουδὲν
771 1451 994 1530 χρηστὴ
1032 1456 1333 1528 Μηλιεῦσι.
1399 1453 1561 1532 Ἔχει
1600 1453 1659 1512 δὲ
1677 1455 1793 1512 216

126 1529 277 1594 ωδεε
242 1564 277 1614 η
302 1539 545 1617 άτραπός
577 1539 734 1647 αὕτη·
776 1539 1007 1618 ἄρχεται
1040 1543 1145 1617 μὲν
1172 1540 1285 1601 οἷπὸ
1315 1545 1414 1601 τοῦ
1437 1541 1701 1601 Ἀσωποῦ

124 1631 361 1701 ποταμοῦ
385 1632 486 1688 τοῦ
517 1627 607 1687 δια
640 1632 740 1704 τῆς
777 1627 1153 1708 διασφάγος”
1125 1630 1365 1703 ρέοντος·
1408 1628 1617 1705 οὕνομα
1642 1630 1702 1687 δὲ

125 1714 194 1788 τῷ
210 1712 353 1792 οὔρεϊ
376 1716 552 1794 τούτῳ
572 1716 664 1774 καὶ
686 1720 759 1793 τῇ
777 1714 1004 1793 α’,τραπῷ
1021 1714 1199 1774 τῶυτό
1219 1720 1394 1774 κεῖται
1410 1713 1698 1775 Ἀνόπαια·

125 1798 274 1859 τείνει
311 1802 369 1861 δὲ
407 1803 444 1878 ἠ
484 1800 756 1862 Ἀνόπαια
797 1803 937 1878 αὕτη
980 1801 1123 1860 κατὰ
1155 1800 1321 1880 ῥάχιν
1352 1807 1453 1861 τοῦ
1496 1800 1700 1877 οὔρεος·

127 1885 277 1965 λήγει
307 1888 372 1964 δὴ
415 1888 556 1949 κατά
593 1916 655 1949 τε
688 1891 974 1966 Ἀλπ-ηνόν
1015 1890 1200 1961 πόλιν,
1243 1887 1464 1964 πρώτην
1503 1892 1705 1948 ἐοῦσαν

129 1976 226 2032 τῶν
248 1977 526 2054 Λοκρίδων
551 1977 692 2055 πρός
720 1981 831 2037 τῶν
859 1977 1141 2052 Μηλιέων,
1168 1976 1260 2034 καὶ
1292 1973 1433 2033 κατὰ
1467 1973 1706 2050 Μελάμ-

130 2063 291 2140 πυγόν
339 2092 401 2125 τε
456 2064 794 2142 καλεόμενον
843 2066 1007 2126 λίθον
1056 2065 1149 2124 καὶ
1201 2062 1341 2122 κατὰ
1395 2061 1707 2139 Κερκώπων

135 2145 291 2222 ἕδρας·
328 2153 400 2230 τῇ
432 2152 526 2211 καὶ
556 2151 622 2212 τό
659 2150 1017 2213 στεινότατόν
1049 2158 1190 2212 ἐστι.
1259 2150 1424 2210 Kar&
1458 2149 1664 2225 ταύτην
1681 2148 1799 2210 217

136 2231 194 2307 δη
225 2236 321 2312 τήν
355 2237 604 2316 οἷτραπόν
645 2240 736 2298 καὶ
782 2237 922 2298 οὕτω
966 2241 1208 2317 ἔχουσαν
1250 2243 1303 2298 οἱ
1347 2239 1569 2348 Πέρσαι
1608 2235 1708 2297 τὸν

134 2316 372 2386 Ἀσωπόν
398 2324 694 2402 διαβάντες
726 2325 1056 2403 ἐπορεύοντο
1089 2330 1280 2386 πᾶσαν
1308 2326 1411 2402 τήν
1438 2326 1619 2399 νύκτα,
1650 2329 1709 2385 ἐν

138 2406 269 2489 δεξιῇ
292 2417 393 2490 μὲν
424 2415 643 2493 ἔχοντες
679 2413 845 2491 οὔρεα
873 2413 946 2473 τοὶ
981 2414 1220 2478 Οἰταίων
1256 2419 1313 2472 ἐν
1346 2413 1617 2491 ἀριστερῇ
1647 2413 1707 2472 δὲ

137 2496 198 2554 m
228 2505 542 2581 Τρηχινίων·
582 2500 695 2578 ἧός
724 2527 787 2562 τε
818 2500 886 2577 δή
919 2500 1184 2609 διέφαινε,
1217 2501 1309 2559 καὶ
1340 2501 1592 2579 ἐγένοντο
1625 2498 1710 2560 ἐπ

141 2580 430 2668 ἆκραπηρίω
470 2593 570 2649 τοῦ
611 2588 819 2666 οὔρεος.
902 2588 1042 2648 κατὰ
1083 2588 1144 2647 δὲ
1180 2590 1345 2647 τοῦτο
1382 2591 1482 2646 τοῦ
1523 2613 1713 2664 ουρεος

144 2672 539 2747 ἐφυλασσον,ε
497 2705 569 2742 ως
597 2679 688 2737 καὶ
716 2674 988 2754 πρότερόν
1012 2700 1114 2752 μοι
1139 2673 1457 2749 δεδήλωται,
1485 2675 1714 2735 Φωκέων

140 2760 295 2836 χίλιοι
318 2764 620 2836 ὁπλῖται,
593 2765 856 2842 ρυόμενοί
875 2792 938 2825 τε
971 2766 1076 2841 τὴν
1107 2763 1387 2840 σφετέρην
1410 2761 1597 2839 χώρην
1622 2762 1715 2821 καὶ

101 2851 483 2941 φρουρέοντες
517 2854 621 2928 τήν
647 2853 916 2937 ἀτραπόν·
957 2853 993 2928 ἦ
1026 2878 1130 2928 μεν
1161 2876 1271 2930 γαρ
1304 2847 1450 2907 κάτω
1486 2850 1712 2924 ἔσβολη

101 2918 542 3011 ξὲφυλάσσετο
510 2942 619 3000 υπὸ
650 2969 759 3002 των
787 2944 1014 3019 εἴρηται·
1056 2965 1160 3014 την
1186 2939 1245 2996 δὲ
1275 2936 1366 2996 δια
1395 2939 1497 2996 τοῦ
1529 2959 1715 3010 ουρεος

103 3038 109 3067 ¹
146 3021 366 3098 ατραπὸν
421 3031 710 3091 ἐθελονταὶ
761 3031 973 3093 Φωκέες
1023 3024 1419 3100 υποδεξάμενοι
1471 3019 1715 3096 Λεωνίδῃ

105 3132 113 3197 Ι
150 3111 475 3183 ε’φύλασσοκ
525 3115 783 3192 Ἐμαθον
810 3117 872 3176 δέ
896 3122 1083 3193 σφεας
1109 3117 1163 3172 οἰ
1181 3111 1392 3172 Φωκέες
1419 3106 1522 3167 ωδε
1547 3105 1672 3164 οἷνα-
1692 3107 1811 3164 218

105 3202 113 3259 ἶ
146 3197 463 3277 βεβηκότας·
506 3202 902 3279 ἀναβαίνοντες
932 3202 1043 3284 γὰρ
1072 3198 1375 3260 ἐλάνθανον
1411 3196 1467 3251 οἰ
1495 3192 1718 3266 Πέρσαι
